%?!\ si possible a chaque fois préciser le contenu vite fait ?!\

%BIBLIO DE L'INTRODUCTION 
% Dans la bilbio il y a pas mal de ressources sur le SPATIAL TURN : http://www.historians.org/perspectives/issues/2012/1210/History-and-the-Digital-Image-Forum_Historical-Spatial-Analysis.cfm
% Sur le temps : "temps linéaire de l?histoire" Gallais 1984
% Bodenhamer et al 2010, Gregory 2003, Gutmann 2002 : A LIRE, l'importance de la geographie et de l'espace pour les historiens


%BIBLIO DU CHAPITRE 1
% SUR LES SOURCES DE DONNES
%Arnaud
%Burrough : Principles of geographical information systems for land resources assessment
% http://www.stanford.edu/group/spatialhistory/cgi-bin/site/pub.php?id=23 : des données spatiales non carto + des cartes 
% "il est fondamental d'en savoir le plus possible sur la source de données" : http://www.ahds.ac.uk/history/creating/guides/digitising-history/sect33.html
% Galinié : les sources pour l'archéologie en ville
% Imprécision : (Read et al., 2011), (Song et al., 2005), (Yuval et al., 2005).


%BIBLIO SUR L'HISTOIRE ET L'ESPACE
%"What is spatial history" White.


@article{Boutier2002,
  title={{Mesures et triangulation de l'espace urbain. Le lever des plans de Paris à l'époque moderne} (XVI\up{e}-XVIII\up{e} siècles)},
  author={Boutier, Jean},
  journal={Le Monde des cartes},
  number={171},
  volume={1},
  pages={6--18},
  year={2002},
  publisher={Comit{\'e} fran{\c{c}}ais de cartographie}
}

%--------REFS DES PLANS--------

@misc{MAPBerty,
  author={Adolphe Berty and Robert Lenoir},
  title={{Plan archéologique de Paris : feuille {XIV} (université). Dressé par Albert Lenoir et Adolphe Berty}},
  year={188.},
  url={http://www.rechercheisidore.fr/search/resource/?uri=ark:/12148/btv1b8445860r
}
}


@misc{MAPGomboust1652,
  author={Jacques Gomboust},
  title={ Lutetia, Paris, 1652 : [fac-similé, réduction de 1/4] ([Reprod. en fac-sim.])},
  year={1652},
  url={http://gallica.bnf.fr/ark:/12148/btv1b53010706v.r=paris+plan+de+gomboust.langFR}
}


@misc{MAPCassiniExtrait,
  author={César-François {Cassini de Thury}},
  title={{Carte qui comprend touts (sic) les lieux de la France qui ont étés (sic) déterminés par les opérations géométriques / par M. Cassini de Thury}},
  year={1744},
  url={http://gallica.bnf.fr/ark:/12148/btv1b53083192q/}
}


@misc{MAPCassiniTriangles,
  author={César-François {Cassini de Thury}},
  title={{Nouvelle carte qui comprend les principaux triangles qui servent de fondement à la description géométrique de la France, levée par ordre du Roy par mess. Maraldi et Cassini de Thury}},
  year={1744},
  url={http://gallica.bnf.fr/ark:/12148/btv1b55000351b}
}

@misc{MAPTurgot,
  author={Louis Bretez},
  title={{Plan de Paris dit ''de Turgot''}},
  year={1739},
  note={Réalisé de 1734 à 1739 sur une commande de Michel-Etienne Turgot, prévôt des marchands.},
  note={BHVP,4-AT-232}
}

@misc{MAPDelisle,
  author={Guillaume {De L'isle}},
  title={{Le plan de Paris, ses Faubourgs et ses environs.}},
  year={1716},
  publisher={Jean Covens et Corneille Mortier},
  note={USUEL-A-166}
}

@misc{MAPVassalieu,
  author={Bénédict {De Vassalieu}},
  title={{Portrait de la ville, cité et université de Paris, avec les faubours d'icelle. Faict par Vassalieu, Nicolay, topographe et ingénieur ordinaire de l'artillerye de France }},
  year={1609},
  publisher={Jean le Clerc},
  note={BHVP, USUEL-A-103 b}
  
}

@misc{MAPRochefort,
  author={Jouvin {De Rochefort}},
  title={{Le nouveau plan de Paris}},
  year={1672-1674},
  url={http://gallica.bnf.fr/ark:/12148/btv1b53010929s},
  note={Fac-similé du premier plan de Jouvin de Rochefort, réduction de 1/4}
  
}

@misc{MAPVerniquet,
  author={Edmé Verniquet},
  title={{Atlas national de la ville de Paris. Atlas du plan général de la ville de Paris levé géométriquement sur la méridienne de l'Observatoire par le Citoyen Verniquet.}},
  year={1793-1799},
  publisher={Bartholomé et Mathieu},
  note={BHVP, FOL AT 123}
}

@misc{MAPJacoubet,
  author={Théodore Jacoubet},
  title={{Atlas général de la ville, faubourgs et monuments de Paris.}},
  year={1827-1839},
  publisher={Bonnet},
  note={BHVP, ATLAS USUEL 11}
}

@misc{MAPGirard,
  author={Pierre-Simon Girard and Edme verniquet},
  title={{Plan de nivellement général de la ville de Paris rapporté sur l'Atlas du plan général de la ville de Paris de Verniquet}},
  year={1810-1819},
  abstract={Ce plan est le résultat d'une campagne de levés supervisée par Pierre-Simon Girard après1807, prenant pour cote d'altitude zéro le niveau d'eau à 1,5 mètre de profondeur dans le bassin de la Villette , ces informations étant destinées à l'établissement d'un réseau de distribution des eaux du canal de l'Ourcq dans Paris.Toutes les mesures sont reportées à la main sur les 72 feuilles du plan de Verniquet. Les points correspondant à des cotes identiques sont reliés entre eux par des lignes droites à 1 mètre d' intervalle , constituant ainsi le premier plan de Paris avec courbes de niveaux . Tous les repères dans les rues ayant servi à mesurer les niveaux sont localisés avec la plus grande précision dans le tableau manuscrit.}
}

@misc{MAPJacoubet1825,
  title={{Plan général de la ville et des faubourgs de Paris [Document cartographique] : Année 1825. Rapporté et dessiné par Mrs A. Mangot, attaché aux alignemens de Paris, Th. Jacoubet, architecte attaché aux mêmes alignemens, et Bailly, architecte. Basé d'après le grand plan trigonométrique de feu M. Verniquet, architecte conseiller du Roi ; publié par madame sa fille ; Dédié et présenté à Mr le comte de Chabrol de Volvic,... ; Ecrit par Martin ; gravé par Adam}},
  author={A. Mangot and Th. Jacoubet and A. Bailly.},
  year={1825},
  publisher={Marie-Madeleine Gentil de Chavagnac},
  note={ BHVP A454b}
}

@misc{BHVPFMAT12,
  title={{Atlas général de la Ville de Paris/par Th. Jacoubet; gravé par A. Niquet; Écrit par Hacq.}},
  author={Théodore Jacoubet},
  year={1827},
  note={BHVP, FM AT 12}
}

@misc{MAPPartialJacoubet1833,
  title={{Atlas général de la ville, des faubourgs et des monuments de Paris. par Th. Jacoubet.}},
  author={Théodore Jacoubet},
  year={1833},
  note={BNF, notice FRBNF40709634. Plan incomplet contenant des parties des trois premières livraisons de l'atlas~: les feuilles 3 à 7, 10 à 12 et 16 à 18.}
}

@misc{MAPJacoubet1860,
  title={{Plan de {Paris par Thre. Jacoubet}, extrait du Grand atlas de la ville de Paris en 54 feuilles. Revu et porté jusqu'aux fortifications par P. M. Dalmont, architecte, comprenant la circonscription des 20 arrondissements et celle des 80 quartiers ; Gravé par Beaurain : 1860}},
  author={Théodore Jacoubet},
  year={1860},
  publisher={D. Kaeppelin et la Revue Municipale},
  note={BHVP, A 743}
 }
 

@misc{MAPGirard1830,
  title={{Plan de la ville de Paris, divisé en 12 arrondissements et 48 quartiers... Dressé par X. Girard,..., publié en 1820, revu et considérablement augmenté en 1830}},
  author={Xavier Girard},
  year={1830},
  publisher={Andriveau-Goujon},
  note={BNF, GE C-1048}
 }

@misc{MAPAchin1825,
  title={{Plan de Paris en 1825 avec le tracé des anciennes enceintes de cette ville. Dressé par Achin d'après le Plan de Verniquet, augmenté de tous les changemens survenus jusqu'à la présente époque. Gravé par Berthe. Écrit par Hacq.}},
  author={Archin and Berthe and Hacq and Peytieux},
  year={1825},
  publisher={Peytieux},
  note={BNF, GE D-14458}
 }

@misc{MAPTardieu1838,
  title={{Plan de Paris en 1838, avec le tracé de ses anciennes enceintes; augmenté de tous les changements survenus jusqu'à ce jour, par Ambroise Tardieu, membre de la Commission centrale de la Société de Géographie de Paris.}},
  author={Ambroise Tardieu},
  year={1838},
  publisher={Furne},
  note={BNF, GED-662}
 }

@misc{MAPHaussmann1888,
  title={{Atlas municipal des vingt arrondissements de la ville de Paris. Dressé sous la direction de M. Alphand inspecteur général des ponts et chaussées, par les soins de M.L Fauve, géomètre en chef, avec le concours des géomètres du plan de Paris}},
  author={Adolphe Alphand and M.L. Fauve},
  year={1888},
  publisher={L. Wührer},
  note={BHVP, FOL AT 2}
 }
 

@misc{MAPJaillot1775,
  title={{Nouveau plan de la ville et Faubourgs de Paris}},
  author={Bernard-Antoine Jaillot},
  year={1775},
  publisher={Bernard-Antoine Jaillot},
 }


@misc{MAPhaussmann1868,
  title={{Plan général de la ville de Paris et de ses environs comprenant les Bois de Boulogne et de Vincennes}},
  author={Eugène Deschamps and de Lucenay and C Ross and Chevigny and Picard-Dobré},
  year={1966-1871},
  publisher={Imprimerie Monrocq},
 }
 
%--------REFS SUR LES SIG HISTORIQUES EXISTANTS--------

%HISTOCOUNTIES 
@article{HISTOCOUNTIES,
  title={Digital Map Making at the Atlas of Historical County Boundaries},
  author={Emily Kelly},
  year={2002},
  howpublished = {\url{http://publications.newberry.org/ahcbp/index.html}},
  journal={Origins}

}

%GBHGIS
@misc{GBHGIS,
  title={A vision of Britain through time},
  author={Humphrey Southall and Paula Aucott},
  year={2009},
  howpublished = {\url{http://www.visionofbritain.org.uk/}},
  publisher={University of Portsmouth and others}
}
%GEOPORTAIL
@misc{GEOPORTAIL,
  title = {Géoportail},
  author = {Institut national de l'information géographique et forestière},
  howpublished = {\url{http://www.geoportail.gouv.fr/accueil}},
  year = {2013}
}
%TIMEMAP
@article{TIMEMAP2005,
  title={Putting Time on the Map: Using TimeMap for Map Animation and Web Delivery},
  author={Ian Johnson},
  journal={GeoInformatics},
  month= july,
  howpublished = {\url{http://www.timemap.net/}},
  year={2004}
}

%NHGIS
@inproceedings{NHGIS,
  title={The national historical geographic information system (NHGIS)},
  author={Robert B. McMaster and Mark Lindberg and David Van Riper},
  booktitle={Proceedings 21st International Cartographic Conference},
  howpublished = {\url{https://www.nhgis.org/}},
  pages={821--828},
  year={2003}
}

%ALPAGE
@article{ALPAGE,
  title={ALPAGE: towards the setting-up of a collaborative work tool},
  author={H{\'e}l{\`e}ne Noizet and Alain Dallo and Georges-Xavier Blary and Laurent Costa and Fr{\'e}d{\'e}ric Pouget and others},
  journal={Archeologia e Calcolatori},
  howpublished = {\url{http://alpage.tge-adonis.fr/fr/}},
  volume={19},
  pages={86--95},
  year={2008}
}

%LOCATING LONDON PAST
@misc{LONDONPAST,
  author={Robert Shoemaker and Tim Hitchcock and Matthew Davies and Sharon Howard and Jamie McLaughlin },
  title = {Locating London's Past},
  howpublished = {http://www.locatinglondon.org/},
  note = {Accessed: 2013-11-25},
  year = {2011}
}

%MAPPING DECLINE.
@book{MAPPINGDECLINE,
  title={Mapping decline: St. Louis and the fate of the American city},
  author={Colin E. Gordon},
  howpublished = {http://mappingdecline.lib.uiowa.edu/},  
  year={2008},
  publisher={Univ of Pennsylvania Press}
}

%VALLEY OF THE SHADOW
@article{VALLEY,
  title={An overview: The differences slavery made: A close analysis of two American communities},
  author={Edward L. Ayers},
  journal={The American Historical Review},
  volume={108},
  howpublished = {http://valley.lib.virginia.edu/},  
  number={5},
  pages={1299--1307},
  year={2003},
  publisher={JSTOR}
}

%CHGIS
@inproceedings{CHGIS,
	title = {The China historical geographic information system ({CHGIS):} Choices faced, lessons learned},
	shorttitle = {The China historical geographic information system ({CHGIS)}},
	url = {http://fas.harvard.edu/ chgis/work/docs/papers/BOL_CHGIS_Lessons_Learned.pdf},
	urldate = {2012-11-29},
	booktitle = {Conference on Historical Maps and {GIS}, Nagoya University},
	author = {P. Bol},
	howpublished = {http://www.fas.harvard.edu/~chgis/},  
	year = {2007}
}
%Rues OPENDATA PARIS
http://opendata.paris.fr/explore/dataset/filiationvoiesparis2012/?tab=table
@techreport{DICORUESPARIS,
	title = {Filiation des voies actuelles},
	url = {http://opendata.paris.fr/explore/dataset/filiationvoiesparis2012/?tab=table},
	abstract = {Informations sur l'origine et les dénominations successives des voies parisiennes},
	urldate = {2015-07-15},
	institution = {opendata.paris.fr},
	author = {{Ville de Paris}},
	howpublished = {http://opendata.paris.fr/},  
	year = {2013},
}
%SPATIAL HISTORY
@techreport{SPATIALHISTO,
	title = {Spatial History Project},
	url = {http://www.stanford.edu/group/spatialhistory/cgi-bin/site/pub.php?id=23},
	abstract = {The Shaping the West project at the Spatial History Lab created the Western Railroads Geodatabase in order to organize, access, and analyze primary source data. The findings created from the geodatabase can be exported into other mediums to create static and interactive visualizations. The geodatabase allows our project to maintain uniform standards for all of the researchers collaborating on the project and also permits us to limit how researchers access our original data.},
	urldate = {2013-11-25},
	institution = {Spatial History Lab},
	author = {Evgenia Shnayder},
	howpublished = {http://www.stanford.edu/group/spatialhistory/cgi-bin/site/index.php},  
	year = {2010},
}
%JEWISh
@misc{SIGJUIFS,
  title = {Mapping the Jewish Communities of the Byzantine Empire},
  author = {Nicholas {de Lange} and Alenxander Panayotov and Gethin Reese},
  year= {2013},
  note = {Accessed: 2013-11-25},
  howpublished = {\url{http://www.byzantinejewry.net/}}
}
%GAPVIS
@article{GAPVIS,
  title={GAP: a neogeo approach to classical resources},
  author={Leif Isaksen and Elton Barker and Eric C. Kansa and Kate Byrne},
  journal={Leonardo},
  volume={45},
  number={1},
  pages={82--83},
  year={2012},
  publisher={MIT Press},
  howpublished = {\url{http://nrabinowitz.github.io/gapvis/}}
}

%DRUMSEY
@book{Rumsey2012,
  title={David Rumsey map collection},
  author={David Rumsey and Panoramas, QTVR and Browser, LUNA and Browser, Two Dimensional GIS and Browser, Three Dimensional GIS and Extraordinaire, Cartographica and Catalogs, Rumsey Map and Close, Maps Up},
  year={2002},
  publisher={Cartography Associates},
  howpublished = {\url{http://www.davidrumsey.com/}}
}

%HISTOATLAS
@misc{HISTOATLAS,
  title = {HistoAtlas},
  author={Stefaan Desender},
  howpublished = {\url{http://www.histoatlas.org}},
  note = {Accessed: 2013-11-25},
  year={2009}

}


%BIBLIO SUR LES SIG ET L'HISTOIRE

@book{Knowles2008,
	address = {Redlands, Calif. :},
	edition = {1st},
	title = {Placing history : how maps, spatial data, and {GIS} are changing historical scholarship /},
	isbn = {1589480139 (pbk. : alk. paper)},
	publisher = {ESRI Press},
	editor = {Anne Kelly Knowles and Amy Hillier},
	year = {2008}
}


@incollection{Rumsey2002,
  author={David Rumsey},
  title={Historical Maps in GIS},
  booktitle={Past Time, Past Place: GIS for History},
  year={2002},
  chapter={1},
  pages={1--18},
  crossref={Knowles2002}
}

@book{Knowles2002,
  title={Past Time, Past Place: GIS for History},
  editor= {Anne Kelly Knowles},
  year={2002},
  publisher={ESRI Press},
  isbn={1589480325},
  edition={1st}
}




%A LIRE
@INPROCEEDINGS{Roddick2001,
    author = {John F. Roddick and Brian G. Lees},
    title = {Paradigms for spatial and spatio-temporal data mining},
    booktitle = {In Geographic Data Mining and Knowledge},
    year = {2001}
}

%A LIRE 
@ARTICLE{Mennis2005,
  author = {Jeremy Mennis and Jun W. Liu},
  title = {{Mining Association Rules in Spatio-Temporal Data: An Analysis of
	Urban Socioeconomic and Land Cover Change}},
  journal = {Transactions in GIS},
  year = {2005},
  volume = {9},
  pages = {5--17},
  number = {1},
  month = jan,
  day = {1},
  doi = {10.1111/j.1467-9671.2005.00202.x},
  issn = {1361-1682},
  posted-at = {2013-07-18 13:37:19},
  priority = {2},
  publisher = {Blackwell Publishing Ltd},
  url = {http://dx.doi.org/10.1111/j.1467-9671.2005.00202.x}
}


%BIBLIO SUR LA QUALITE DES DONNEES GEOGRAPHIQUES


@phdthesis{Girres2012,
    author = {Jean-François Girres},
    title = {Modèle d'estimation de l'imprécision des mesures géométriques de données géographiques. Application aux mesures de longueur et de surface.},
    url = {http://tel.archives-ouvertes.fr/tel-00809273},
    lastchecked = {2014-07-18},
    school={Université Paris-Est},
    year = {2012}
}

@phdthesis{Abadie2012,
    author = {Nathalie Abadie},
    title = {Formalisation, acquisition et mise en {\oe}uvre de connaissances pour l'intégration virtuelle de bases de données géographiques: Les spécifications au c{\oe}ur du processus d'intégration.},
    url = {http://recherche.ign.fr/labos/cogit/pdf/THESES/ABADIE/MemoireTheseNathalieAbadieVFIGN.pdf},
    lastchecked = {2015-09-23},
    school={Université Paris-Est},
    year = {2012}
}

%BIBLIO SUR L'INCERTITUDE DES INFO. GEOGRAPHIQUES HISTORIQUEs
%l'article fondamental est celui de Plewe : il énonce le fait que les incertitudes sont 
%assez comparables sur les 3 domaines temporels, sémantiques et spatiaux. 



Gregory : A place in history:
A guide to using GIS in historical research. 




@article{Goodchild2007,
 author = {Michael F. Goodchild and May Yuan and Thomas J. Cova},
 title = {Towards a general theory of geographic representation in GIS},
 journal = {International Journal of Geographic Information Science},
 issue_date = {January 2007},
 volume = {21},
 number = {3},
 month = jan,
 year = {2007},
 issn = {1365-8816},
 pages = {239--260},
 numpages = {22},
 url = {http://dx.doi.org/10.1080/13658810600965271},
 doi = {10.1080/13658810600965271},
 acmid = {1393387},
 publisher = {Taylor \& Francis, Inc.},
 address = {Bristol, PA, USA},
 keywords = {Data model, Dynamic, Interaction, Representation},
} 

@inproceedings{Couclelis1992,
 author = {Helen Couclelis},
 title = {People Manipulate Objects (but Cultivate Fields): Beyond the Raster-Vector Debate in GIS},
 booktitle = {Proceedings of the International Conference GIS - From Space to Territory: Theories and Methods of Spatio-Temporal Reasoning on Theories and Methods of Spatio-Temporal Reasoning in Geographic Space},
 year = {1992},
 isbn = {3-540-55966-3},
 pages = {65--77},
 numpages = {13},
 url = {http://dl.acm.org/citation.cfm?id=647939.741252},
 acmid = {741252},
 publisher = {Springer-Verlag},
 address = {London, UK, UK},
} 

@article{Couclelis1996,
  title={Towards an operational typology of geographic entities with ill-defined boundaries},
  author={Helen Couclelis},
  journal={Geographic objects with indeterminate boundaries},
  pages={45--55},
  year={1996},
  publisher={Taylor \& Francis, 1996, London}
}


@misc{Gregory2002,
  abstract = {This guide is intended for historians who want to use Geographical Information Systems (GIS). It describes how to create GIS databases and how to use GIS to perform historical research.},
  added-at = {2008-08-21T20:02:26.000+0200},
  author = {Ian Gregory},
  biburl = {http://www.bibsonomy.org/bibtex/2b8381cd00eba07182e9ac3b99f9d7221/paregorios},
  copyright = {Copyright Ian Gregory 2002. The right of Ian Gregory to be identified as the Author of this Work has been asserted by them in accordance with the Copyright, Designs and Patents Act 1988.statement},
  interhash = {98eb7e643988d717c14ec4fc0bf307f6},
  intrahash = {b8381cd00eba07182e9ac3b99f9d7221},
  keywords = {GIS cyberhumanities histgeo mydhq2008},
  month = {August},
  note = {Series: AHDS Guides to Good Practice (ISSN 1463-5194)},
  timestamp = {2008-08-21T20:02:26.000+0200},
  title = {A Place in History: A Guide to Using GIS in Historical Research},
  type = {Text.Monograph},
  url = {http://hds.essex.ac.uk/g2gp/gis/index.asp},
  year = 2002
}

@book{Denegre1996,
    author = {Jean Den{\`{e}}gre and François Salg{\'{e}}},
    citeulike-article-id = {12255802},
    citeulike-linkout-0 = {http://books.google.fr/books?id=glrZAAAACAAJ},
    priority = {2},
    publisher = {Presses Universitaires de France - PUF},
    series = {Que sais-je ?},
    title = {Les syst{\`{e}}mes d'information g{\'{e}}ographique},
    url = {http://books.google.fr/books?id=glrZAAAACAAJ},
    year = {1996}
}

@ARTICLE{Plewe2002,
  author = {Brandon Plewe},
  title = {{The Nature of Uncertainty in Historical Geographic Information}},
  journal = {Transactions in GIS},
  year = {2002},
  volume = {6},
  pages = {431--456},
  number = {4},
  citeulike-article-id = {9578528},
  citeulike-linkout-0 = {http://dx.doi.org/10.1111/1467-9671.00121},
  doi = {10.1111/1467-9671.00121},
  keywords = {gis, historical, uncertainty},
  posted-at = {2013-07-04 13:39:21},
  priority = {5},
  publisher = {Blackwell Publishers Ltd}
}

@article{Gregory2007,
    abstract = {{The last 10 years have seen a sudden rise in interest in the use of Geographical Information Systems (GIS) in historical research. This has led to a field that has become known as `historical GIS'. This development started in the more quantitative ends of the discipline but has spread to encompass qualitative research as well. Interest in historical GIS is not restricted to researchers who would previously have regarded themselves as historical geographers, but has in fact led to an increased awareness of the importance of geography from across the discipline of history. This paper introduces historical GIS and critically evaluates how it is affecting the practice of historical geography.}},
    author = {Ian N. Gregory and Richard G. Healey},
    citeulike-article-id = {9566889},
    citeulike-linkout-0 = {http://dx.doi.org/10.1177/0309132507081495},
    citeulike-linkout-1 = {http://phg.sagepub.com/content/31/5/638.abstract},
    citeulike-linkout-2 = {http://phg.sagepub.com/content/31/5/638.full.pdf},
    citeulike-linkout-3 = {http://phg.sagepub.com/cgi/content/abstract/31/5/638},
    day = {1},
    doi = {10.1177/0309132507081495},
    journal = {Progress in Human Geography},
    keywords = {gis, historical},
    month = oct,
    number = {5},
    pages = {638--653},
    posted-at = {2013-07-04 13:39:31},
    priority = {2},
    title = {{Historical GIS: structuring, mapping and analysing geographies of the past}},
    url = {http://dx.doi.org/10.1177/0309132507081495},
    volume = {31},
    year = {2007}
}

@article{Peuquet2001,
 author = {Donna J. Peuquet},
 title = {Making Space for Time: Issues in Space-Time Data Representation},
 journal = {Geoinformatica},
 issue_date = {March 2001},
 volume = {5},
 number = {1},
 month = mar,
 year = {2001},
 issn = {1384-6175},
 pages = {11--32},
 numpages = {22},
 url = {http://dx.doi.org/10.1023/A:1011455820644},
 doi = {10.1023/A:1011455820644},
 acmid = {594814},
 publisher = {Kluwer Academic Publishers},
 address = {Hingham, MA, USA},
 keywords = {spatio-temporal representation, temporal GIS, temporal databases},
} 

@article{Gribaudi2009,
  author ={Maurizio Gribaudi},
  journal ={Histoire et Mesure},
  pages ={1--18},
  title ={{Ruptures et continuités dans l'évolution de
                  l'espace parisien. L'îlot de la Trinité entre les
                  XVIIIe et XIXe siècles}},
  year ={2009},
  volume ={24},
  
}
@book{Huet1889,
  title={Les Travaux de Paris, 1789-1889. Atlas dress{\'e} sous l'administration de M. E. Poubelle, Pr{\'e}fet de la Seine, sous la direction de M. A. Alphand,... par les soins de M. Huet,... M. Humblot,... M. Beckmann,... M. Fauve,... M. F. de Mallevoue,...},
  author={Huet},  
  year={1889},
  publisher={Impr. nationale}
}


@PhDThesis{Quodverte1994,
title = {La cartographie numérique et l'information géographique : importance et conséquences du progrès des sciences et des techniques},
author = {Philippe Quodverte},
school = {Université d'Orléans},
year = {1994}}


@article{Peuquet1994,
    abstract = {{The study of spatiotemporal dynamics is certainly not new, nor is it unique to the field of geography. Nevertheless, addressing complex human and environmental issues such as global warming and human impacts on the environment requires empirical examination from a much broader and integrated perspective than can be accomplished with current techniques. Although Geographic Information Systems (GIS) are intended to provide an integrated and flexible tool for analyzing large volumes of data, they are historically geared toward the representation and analysis of situations frozen in time. Efforts to enhance the temporal capabilities of GIS have served to reveal many problems at a fundamental conceptual level. In order to address this problem, this paper presents a new Triad representational approach that unifies temporal-as well as locational-and object-related aspects and that incorporates concepts from perceptual psychology, artifical intelligence, and other fields. The goal of this research is a drawing-together of a range of concepts and ideas not only to improve our representational and analytical capabilities, but also to provide more common ground among the various fields noted above. The discrete yet interrelated time-, location-, and object-based views incorporated within the Triad framework allow for questions to be asked and answered relative to each of those aspects. Fundamental types of temporal relationships are also defined as part of the temporal view.}},
    author = {Donna J. Peuquet},
    doi = {10.1111/j.1467-8306.1994.tb01869.x},
    journal = {Annals of the Association of American Geographers},
    keywords = {change, time},
    number = {3},
    pages = {441--461},
    posted-at = {2013-07-09 15:23:58},
    priority = {2},
    publisher = {Blackwell Publishing Ltd},
    title = {{It's About Time: A Conceptual Framework for the Representation of Temporal Dynamics in Geographic Information Systems}},
    url = {http://dx.doi.org/10.1111/j.1467-8306.1994.tb01869.x},
    volume = {84},
    year = {1994}
}


@article{Sinton1978,
  author ={David Sinton},
  journal ={Papers on Geographic Information Systems},
  title ={The inherent structure of information as a constraint to analysis: mapping thematic data as a case study},
  volume ={6},
  year ={1978}
}

@article {Berry1964,
  author = {Brian J. L. Berry},
  title = {Approaches to regional analysis~: a synthesis},
  journal = {Annals of the Association of American Geographers},
  volume = {54},
  number = {1},
  publisher = {Blackwell Publishing Ltd},
  issn = {1467-8306},
  url = {http://dx.doi.org/10.1111/j.1467-8306.1964.tb00469.x},
  doi = {10.1111/j.1467-8306.1964.tb00469.x},
  pages = {2--11},
  year = {1964},
}

@inbook{Owens2008,
    author = {Jack Owens},
    booktitle = {GIS Best Practices: Essays on Geography and GIS},
    citeulike-article-id = {12524565},
    editor = {Press, E. S. R. I.},
    pages = {35--46},
    posted-at = {2013-07-24 10:43:45},
    priority = {2},
    publisher = {{ESRI} Press,},
    title = {What Historians Want from GIS},
    year = {2008}
}
@article{Bosseno1990,
	title = {La guerre des estampes. Circulation des images et des thèmes iconographiques dans {l'Italie} des années 1789-1799},
	volume = {102},
	issn = {1123-9891},
	url = {http://www.persee.fr/web/revues/home/prescript/article/mefr_1123-9891_1990_num_102_2_4116},
	doi = {10.3406/mefr.1990.4116},
	abstract = {La décennie révolutionnaire voit en Italie la diffusion, en parallèle avec celle de la production écrite, de l'imagerie politique, philo-française ou contre-révolutionnaire. Un nouveau genre, en particulier, connaît un développement spectaculaire : la caricature. Recyclant des thèmes traditionnels propres au marché italien de l'image, cette production est également ouverte aux influences extérieures, française, allemande et anglaise en particulier. Menée à partir des principales collections italiennes, cette étude entend montrer les modalités de la circulation de ces images, ainsi que la place de cette production dans la confrontation culturelle que constitue la conquête française.},
	language = {fre},
	number = {2},
	journal = {Mélanges de {l'Ecole} française de Rome. Italie et Méditerranée},
	author = {Christian-Marc Bosséno},
	year = {1990},
	pages = {367--400}
}

@book{Arnaud2008,
	address = {Marseille},
	title = {Analyse spatiale, cartographie et histoire urbaine},
	isbn = {9782863641545  2863641549},
	language = {French},
	publisher = {Parenthèses},
	author = {Jean-Luc Arnaud},
	year = {2008}
}

@book{Laurent1979,
  title={Sources de la g{\'e}ographie historique en Belgique: exposition, 26 avril - 31 mai 1979, {\`a} l'occasion du colloque organis{\'e} par les Archives g{\'e}n{\'e}rales du Royaume et l'Association des archivistes et des biblioth{\'e}caires de Belgique, 25-27 avril 1979},
  author={René Laurent and Archives g{\'e}n{\'e}rales du Royaume (Belgium) and Association des archivistes et des biblioth{\'e}caires de Belgique and Association des conservateurs d'archives, de biblioth{\`e}ques et de mus{\'e}es de Belgique},
  lccn={79124686},
  url={http://books.google.fr/books?id=gdleGQAACAAJ},
  year={1979},
  publisher={Archives g{\'e}n{\'e}rales du Royaume}
}

@article{Sicard1999,
  title={Du de visu à l'in situ : la production du monument par sa représentation},
  author={Monique Sicard},
  year={1999},
  journal={Les cahiers de médiologie},
  editor={Gallimard}
}

@book{Godding1999,
  title={Introduction à la critique historique; destinée aux futurs juristes},
  author={Philippe Godding},
  year={1975},
  publisher={Louvain, Cercle de Droit}
}

@article{Winter2000,
 author = {Stephan Winter and Andrew U. Frank},
 title = {Topology in Raster and Vector Representation},
 journal = {Geoinformatica},
 issue_date = {March 2000},
 volume = {4},
 number = {1},
 month = mar,
 year = {2000},
 issn = {1384-6175},
 pages = {35--65},
 numpages = {31},
 url = {http://dx.doi.org/10.1023/A:1009828425380},
 doi = {10.1023/A:1009828425380},
 acmid = {594791},
 publisher = {Kluwer Academic Publishers},
 address = {Hingham, MA, USA},
 keywords = {formal specification, interoperability, topology, vector/raster integration},
} 

@book{Laurini1992,
  title={Fundamentals of Spatial Information Systems},
  author={Robert Laurini and Derek Thompson},
  isbn={9780124383807},
  lccn={gb91089304},
  series={APIC series: Automatic Programming Information Centre},
  url={http://books.google.fr/books?id=m86AAAAAMAAJ},
  year={1992},
  publisher={ACADEMIC PressINC}
}

@book{Pinon2004,
  title={Les plans de Paris : Histoire d'une capitale},
  author={Pierre Pinon and Bertrand Le Boudec and Dominique Carré},
  year={2004},
  isbn={2847420614},
  publisher={Le Passage}
}

@PhDThesis{Stefani2010,
    abstract = {{Nowadays most digital reconstructions in cultural heritage describe building
heritage as a whole of static and unchangeable entities. However, historical sites can have
a rich and complex history, sometimes full of evolutions, sometimes only partially known
by means of documentary sources. Three significant aspects condition the analysis and
the interpretation of cultural heritage. Firstly, buildings can undergo significant
transformations or they can disappear over time. Secondly, uncertainty is prevalent in
cultural heritage in various forms: sometimes it is impossible to define the dating period,
sometimes the building original shape or its spatial position. Thirdly, historical
documentation concerning past states can be heterogeneous, dubious, incomplete and
even contradictory. This thesis proposes an integrated modeling approach capable firstly
of structuring spatial elements according to time, secondly of retaining the history of
architectural evolutions, thirdly of taking into account assumptions about historical sites.
As geometry is not sufficient to understand historical site transformations, a graph
visualization framework is integrated to manipulate geometries and to understand building
transformations and their relations.}},
    author = {Chiara Stefani},
    citeulike-article-id = {9172819},
    day = {16},
    keywords = {archeology, fuzzy, spatio-temporal},
    month = sep,
    posted-at = {2011-04-19 14:53:25},
    priority = {2},
    school = {\'{E}cole Nationale Sup\'{e}rieure d'Arts et M\'{e}tiers},
    title = {{Maquettes num\'{e}riques spatio-temporelles d'\'{e}difices patrimoniaux
   Mod\'{e}lisation de la dimension temporelle et multi-restitutions d'\'{e}difices}},
    year = {2010}
}


@phdthesis{DeRunz2008,
    author = {Cyril {De Runz}},
    citeulike-article-id = {8404514},
    citeulike-linkout-0 = {http://crestic.univ-reims.fr/publication/1615/pdf},
    month = nov,
    posted-at = {2010-12-10 13:14:06},
    priority = {4},
    school = {Université de Reims Champagne-Ardenne, France},
    title = {Imperfection, temps et espace~: modélisation, analyse et visualisation dans un SIG archéologique},
    type = {Thèse de doctorat},
    url = {http://crestic.univ-reims.fr/publication/1615/pdf},
    year = {2008}
}

@article{Rodier2010,
    author = {Xavier Rodier and Laure Saligny},
    title = {Modélisation des objets historiques selon la fonction, l'espace et le temps pour l'étude des dynamiques urbaines dans la longue durée},
    citeulike-article-id = {8404526},
    journal = {Cybergeo},
    year={2010},
    priority = {3}
}

@article{Yuan1997,
    author = {May Yuan},
    citeulike-article-id = {313704},
    citeulike-linkout-0 = {http://geosciences.ou.edu/\~{}myuan/papers/TGIS012.pdf},
    journal = {Transaction in GIS},
    keywords = {database, giscience, spatiotemporal},
    pages = {137--159},
    posted-at = {2005-09-08 11:55:10},
    priority = {2},
    title = {{Use of a Three-Domain Representation to Enhance GIS Support for Complex SpatioTemporal Queries}},
    url = {http://geosciences.ou.edu/\~{}myuan/papers/TGIS012.pdf},
    year = {1997}
}

@book{Weiss2009,
  title={Cens et rentes {\`a} Paris au Moyen {\^A}ge},
  author={Valentine Weiss},
  isbn={9782745320162},
  series={Histoire et archives. Hors-s{\'e}rie},
  year={2009},
  publisher={H. Champion}
}

@article{Ducom2009,
  title={Permanence des formes urbaines à travers le modèle des fringe belts},
  author={Estelle Ducom},
  year={2009},
  journal={Pérennité urbaine, ou la ville par-delà ses métamorphoses,vol.3 : Essence},
  volume={3},
  pages = {51-59},
  publisher={L'Harmattan}
}


@book{Barzun1985,
  title={The Modern Researcher},
  author={Henri F. Graff and Jacques Barzun},
  year={1985},
  publisher={Harcourt College Publishers},
  isbn={0155625128}
}

@book{Galinie2000,
  title={Ville, espace urbain et archéologie},
  author={Henri Galinié},
  year={2000},
  publisher={Presses universitaires François-Rabelais},
  isbn={9782869061354}
}


@book{Lefebvre2000,
  title={La Production de l'espace},
  author={Henri Lefebvre},
  series={Ethnosociologie},
  edition={4\up{ème}},
  year={2000},
  publisher={ Éditions Anthropos}
}




@article{Marraud2010,
 author = {Mathieu Marraud},
 title = {Permanences et déplacements corporatifs dans la ville},
 journal = {Histoire \& Mesure},
 issue_date = {2010},
 volume = {XXV},
 number = {1},
 year = {2010},
 urldate = {2013-08-20},
 url={http://histoiremesure.revues.org/3925}
} 

@article{Kramer2012,
 author = {Sybille Krämer},
 title = {Qu'est-ce donc qu'une trace, et quelle est sa fonction épistémologique ? État des lieux },
 journal = {Trivium},
 issue_date = {2012},
 volume = {10},
 year = {2010},
 urldate = {2012-03-30},
 url={http://trivium.revues.org/4171},
 lastchecked={2013-12-01}
} 


@article{Montel2013,
 author = {Laurence Montel},
 title = {Les vieux quartiers de Marseille au {XIX}\up{e} siècle},
 journal = {Histoire Urbaine},
 issue_date = {2013},
 volume = {36},
 number = {1},
 year = {2013}
} 


@phdthesis{GonzalezQuijano2012,
    author = {Lola Gonzalez-Quijano},
    school = {\'Ecole des Hautes \'Etudes en Sciences Sociales},
    title = {Filles publiques et femmes galantes : des sexualités légitimes et illégitimes à l'intérieur des espaces sociaux et géographiques parisiens (1851-1914)},
    type = {Th{\`{e}}se de doctorat},
    year = {2012}
}

@article{Bove2012,
 author = {Boris Bove},
 title = {Crise locale, crises nationales. Rythmes et limites de la crise de la fin du {Moyen Âge à Paris} au miroir des prix fonciers},
 journal = {Histoire Urbaine},
 issue_date = {2012},
 volume = {33},
 number = {1},
 year = {2012}
} 


@article{Lefebvre2009,
 author = {Bastien Lefebvre},
 title = {L'organisation parcellaire et la voirie du quartier canonial de la cathédrale de Tours, du xviie au xviiie siècles },
 journal = {Histoire et Mesure},
 issue_date = {2009},
 volume = {24},
 number = {2},
 year = {2009}
} 


@book{Boudon1977,
  title={Syst{\`e}me de l'architecture urbaine: le quartier des Halles {\`a} Paris. Atlas},
  author={Françoise Boudon and Jean Bl{\'e}con},
  isbn={9782222018742},
  year={1977},
  publisher={{\'E}ditions du Centre national de la recherche scientifique}
}

@article{Lafi2011,
 author = {Nora Lafi},
 title = {Mediterranean Cosmopolitanism and its Contemporary Revivals. A Critical Approach},
 journal = {New Geographies},
 volume = {5},
 year = {2011},
 pages = {325--335},
 editor={The Mediterranean (Harvard Graduate School of Design)},
} 

@article{Barbot2013,
 author = {Michela Barbot},
 title = {La résidence comme appartenance. Les catégories juridiques de l'inclusion sociale dans les villes italiennes sous l'Ancien Régime},
 journal = {Histoire urbaine},
 volume = {36},
 year = {2013},
 pages = {29--48},
} 

@book{Maguire1991,
  title={Geographical Information Systems: Principles and Applications},
  author={David J. Maguire and Michael F. Goodchild and David W. Rhind},
  year={1991},
  publisher={Longman}
}
 
@misc{Palsky2004,
  title={Carte},
  author={Gilles Palsky},
  year={2004},
  journal={Hypergéo},
  urldate = {2013-09-10},
  url={http://www.hypergeo.eu/spip.php?article381}
}

@book{Bailly1977,
  title={La perception de l'espace urbain~: les concepts, les méthodes d'études, leur utilisation dans la recherche urbanistique.},
  author={Antoine Bailly},
  year={1977},
  publisher={Centre de recherche d'Urbanisme}
}

@book{Moriconi1993,
  title={L'urbanisation du monde depuis 1950},
  author={Moriconi-Ebrard, Fan{\c{c}}ois},
  year={1993},
  publisher={Economica}
}

@article{Redman2003,
  title={Resilience of past landscapes: resilience theory, society, and the longue dur{\'e}e},
  author={Redman, Charles L and Kinzig, Ann P},
  journal={Conservation ecology},
  volume={7},
  number={1},
  pages={14},
  year={2003}
}

@article{Bailly1985,
  title={Distances et espaces, vingt ans de géographie des représentations},
  author={Antoine Bailly},
  year={1985},
  journal={L'Espace Géographique},
  volume={3},
  pages={197--205},
}

@book{Moles1972,
  title={Psychologie de l'espace},
  author={Abraham A. Moles and Elisabeth Rohmer },
  year={1972},
  editor={Casterman}
}


@misc{CFC1990,
  title={Glossaire de Cartographie},
  author={Comité français de cartographie},
  year={1990},
  journal={Bulletin},
  number={123-124},
}



@book{Brunet1992,
    author = {Roger Brunet and Robert Ferras and Herv\'{e} Th\'{e}ry},
    citeulike-article-id = {3020971},
    citeulike-linkout-0 = {http://www.amazon.fr/exec/obidos/redirect?tag=citeulike06-21\&amp;path=ASIN/2110059435},
    citeulike-linkout-1 = {http://www.worldcat.org/isbn/2110059435},
    citeulike-linkout-2 = {http://books.google.com/books?vid=ISBN2110059435},
    citeulike-linkout-3 = {http://www.amazon.com/gp/search?keywords=2110059435\&index=books\&linkCode=qs},
    citeulike-linkout-4 = {http://www.librarything.com/isbn/2110059435},
    day = {03},
    edition = {3e \'{e}dition revue et augment\'{e}e},
    howpublished = {Broch\'{e}},
    isbn = {2110059435},
    month = jun,
    posted-at = {2008-07-19 16:25:47},
    priority = {2},
    publisher = {La Documentation Fran\c{c}aise},
    title = {Les mots de la g\'{e}ographie : Dictionnaire critique},
    url = {http://www.worldcat.org/isbn/2110059435},
    year = {1992}
}


@incollection{Pumain1993,
    author = {Denise Pumain},
    year = {1993},
    title={La distance en géographie},
    booktitle={Géographiques. Espace à vivre, espace vécu},
    pages={115--134},
    crossref ={BookGeo1993}
}

@book{BookGeo1993,
  title = {Géographiques. Espace à vivre, espace vécu},
  year = 1993,
  editor = {Jean-Paul Amat and Marie-Claire Robic},
  publisher = {CNDP}
}



@book{Pumain1997,
  title={L'analyse spatiale. 1. Localisations dans l'espace},
  author={Denise Pumain and Thérèse Saint-Julien},
  year={1997},
  publisher={Armand Colin}
}

@inproceedings{Berman2009,
	title = {Modeling and visualizing historical gis data},
	url = {https://cga-download.hmdc.harvard.edu/publish_web/Annual_Spring_Workshops/2009_ST/presentations/Lex_Berman.pdf},
	urldate = {2012-11-29},
	booktitle = {Proceedings of the Spatio-Temporal Workshop, Harvard University, Cambridge, Massachusetts},
	author = {Merrick Lex Berman},
	year = {2009}
}

@article{Parker2010,
	title = {Historical {GIS} Projects: Spatial Data Infrastructure},
	volume = {5},
	journal = {Dalhousie Journal of Interdisciplinary Management},
	author = {Robin Parker},
	year = {2010},
}

@book{Bodenhamer2010,
  title={The Spatial Humanities: GIS and the Future of Humanities Scholarship},
  author={David J. Bodenhamer and John Corrigan and Trevor Harris},
  isbn={9780253355058},
  lccn={2009053214},
  series={Spatial humanities},
  url={http://books.google.fr/books?id=8VkhPkIRM4EC},
  year={2010},
  publisher={Indiana University Press}
}

@article{Torre2008,
  title={Un ''tournant spatial'' en histoire ? : Paysages, regards, ressources },
  author={Angelo Torre and Guillaume Calafat and Giulia Puma},
  issn={0395-2649},
  journal={Annales},
  year={2008},
  volume ={63},
  number={5},
  pages={1127--1144},
  editor={Ecole des hautes études en sciences sociales}
}

@book{cosgrove1984,
  title={Social formation and symbolic landscape},
  author={Denis E. Cosgrove},
  isbn={9780299155148},
  lccn={97048823},
  url={http://books.google.fr/books?id=itR-AAAAMAAJ},
  year={1984},
  publisher={University of Wisconsin Press}
}

@article{Finnegan2008,
  year={2008},
  journal={Journal of the History of Biology},
  volume={41},
  number={2},
  doi={10.1007/s10739-007-9136-6},
  title={The Spatial Turn: Geographical Approaches in the History of Science},
  url={http://dx.doi.org/10.1007/s10739-007-9136-6},
  publisher={Springer Netherlands},
  keywords={historiography; science; sociology; spatiality},
  author={Diarmid A. Finnegan},
  pages={369-388},
  language={English}
}

@book{Perrot1975,
	address = {Paris La Haye},
	series = {Civilisations et sociétés 44},
	title = {Genèse d'une ville moderne Caen au {XVIIIe} siècle},
	isbn = {2-7132-0024-5},
	url = {http://www.sudoc.fr/000098167},
	publisher = {Mouton},
	author = {Jean-Claude Perrot},
	year = {1975},
	note = {Texte remanié de Thèse de doctorat Histoire Paris 1 1973}
}

@book{DiMeo1991,
  author = {Guy Di Méo},
  title={L'Homme, la Société, l'Espace},
  publisher={Anthropos},
  year={1991}
}

@article{Verdier2009,
    title = {{Les relations entre histoire et g{\'e}ographie en France : tensions, controverses et accalmies}},
    author = {Nicolas Verdier},
    abstract = {{En France les relations entre l'histoire et la g{\'e}ographie ont {\'e}t{\'e} fortement influenc{\'e}es par l'existence de tensions sur le long terme. Celles-ci proviennent de la s{\'e}paration entre ces deux disciplines lors de l'{\'e}rection en discipline universitaire de la g{\'e}ographie {\`a} la fin du XIXe si{\`e}cle. Avec des th{\`e}ses au contenu historique fortement marqu{\'e}, la g{\'e}ographie de la premi{\`e}re moiti{\'e} du XXe si{\`e}cle a eu {\`a} construire son identit{\'e} contre l'histoire. La justification r{\'e}currente renvoyait alors {\`a} l'id{\'e}e d'une {\'e}chelle de temps incommensurable avec celle de l'histoire. Des ann{\'e}es 1950 aux ann{\'e}es 1980, les tensions se sont consolid{\'e}es autour du th{\`e}me de la trahison emp{\^e}chant la cr{\'e}ation d'une science sociale unique, en m{\^e}me temps que de critiques li{\'e}es au d{\'e}terminisme qui, du fait d'une m{\'e}connaissance croissante, ne correspondaient plus {\`a} la g{\'e}ographie en train de se faire. Depuis le d{\'e}but des ann{\'e}es 1990, l'int{\'e}r{\^e}t des historiens pour l'anthropologie ou la sociologie ont men{\'e} {\`a} un apaisement des relations. Par ailleurs, les recherches qui lient histoire et g{\'e}ographie ne rel{\`e}vent plus d'une logique interdisciplinaire, mais se situent au niveau d'une relation entre chercheurs sur un projet limit{\'e}.}},
    keywords = {Histoire ; g{\'e}ographie ; {\'e}pist{\'e}mologie ; interdisciplinarit{\'e} ; g{\'e}ohistoire ; g{\'e}ographie historique},
    language = {Fran{\c c}ais},
    affiliation = {G{\'e}ographie-cit{\'e}s - GC},
    pages = {65-114},
    journal = {Storica},
    volume = {40},
    audience = {internationale },
    year = {2009},
    month = Aug,
    pdf = {http://halshs.archives-ouvertes.fr/halshs-00413243/PDF/Verdier\_relations\_histoire\_geographie.pdf},
    url = {http://halshs.archives-ouvertes.fr/halshs-00413243},
}

@BOOK{Roncayolo2011,
title={L'abécédaire de Marcel Roncayolo},
author={Marcel Roncayolo and Isabelle Chesneau},
publisher={INFOLIO},
edition={INFOLIO},
isbn={9782884741958},
year={2011}
}

@article{Lepetit1980,
title={Histoire urbaine et espace},
author={Bernard Lepetit},
journal={Espace Géographique},
volume={9},
number={1},
year={1980},
pages={43--54}
}

@article{Braudel1951,
	title = {La géographie face aux sciences humaines},
	volume = {6},
	issn = {0395-2649},
	url = {http://www.persee.fr/web/revues/home/prescript/article/ahess_0395-2649_1951_num_6_4_2000},
	doi = {10.3406/ahess.1951.2000},
	language = {fre},
	number = {4},
	journal = {Annales. Économies, Sociétés, Civilisations},
	author = {Fernand Braudel},
	year = {1951},
	pages = {485?492}
}
@article{Bataillon1950,
	title = {La Méditerranée et le monde méditerranéen à l'époque de Philippe {II}},
	volume = {1},
	issn = {0035-2764},
	url = {http://www.persee.fr/web/revues/home/prescript/article/reco_0035-2764_1950_num_1_2_406753},
	doi = {10.2307/3497975},
	language = {fre},
	number = {2},
	journal = {Revue économique},
	author = {Marcel Bataillon},
	year = {1950},
	pages = {232?241}
}


@article{Lepetit1986,
	title = {Espace et histoire. Hommage à Fernand Braudel},
	volume = {41},
	issn = {0395-2649},
	url = {http://www.persee.fr/web/revues/home/prescript/article/ahess_0395-2649_1986_num_41_6_283342},
	language = {fre},
	number = {6},
	journal = {Annales. Économies, Sociétés, Civilisations},
	author = {Bernard Lepetit},
	year = {1986},
	pages = {1187--1191}
}

@book{Courville1995,
  title={Introduction {\`a} la g{\'e}ographie historique},
  author={Serge Courville},
  isbn={9782763773988},
  lccn={cn95940128},
  series={G{\'e}ographie historique},
  url={http://books.google.fr/books?id=fO4Ty838v0kC},
  year={1995},
  publisher={Presses de l'Universit{\'e} Laval}
}

@article{Lepetit1996,
	title = {La ville~: cadre, objet, sujet. Vingt ans de recherches françaises en histoire urbaine},
	issn = {0395-2649},
	url = {http://enquete.revues.org/663},
	language = {fre},
	volume = {4},
	journal = {Enquête},
	author = {Bernard Lepetit},
	originalear = {1991},
	year={1996},
	urldate = {2013-07-11},
	lastchecked= {2013-10-29}
}

@article{Walter2005,
	title = {Leitmotive, temps et contretemps de l'urbain. Les Lectures de villes de Marcel Roncayolo},
	url = {http://cybergeo.revues.org/764},
	language = {fre},
	year={2005},
	journal = {Cybergéo~: European Journal of Geography},
	author = {François Walter},
	urldate = {2005-04-12},
	lastchecked= {2013-10-29}
} 

@article{Lemas2009,
	title = {Pour une épistémologie de l'histoire urbaine française des époques modernes et contemporaines comme histoire-problème},
	url = {http://www.cairn.info/resume.php?ID_ARTICLE=HP_009_0101},
	language = {fre},
	journal = {Histoire@Politique},
	author = {Nicolas Lemas},
	year={2009},
	number={9},
	volume={3},
	lastchecked ={2013-10-29}
}


@article{Gauthiez2010,
	title={Ordre textuel et ordre spatial {\`a} Lyon {\`a} l'{\'e}poque moderne: du parcours de visite au r{\^o}le nominal, une spatialit{\'e} implicite},
	author={Bernard Gauthiez and Olivier Zeller},
	language = {fre},
	journal = {Histoire et Mesure},
	year={2010},
	number={25},
	volume={1}
}

@article{Ruas1999,
	title={Modèle de généralisation de données urbaines à base de contraintes et d'autonomie},
	author={Anne Ruas},
	language = {fre},
	journal = {Cybergeo : European Journal of Geography},
	year={2010},
	urldate = {1999-10-05},
	lastchecked= {2013-10-29},
	url = {http://cybergeo.revues.org/5227}	
}

@book{DiMeo1998,
  title={G{\'e}ographie sociale et territoires},
  author={Guy Di M{\'e}o},
  series={Fac: G{\'e}ographie},
  year={1998},
  publisher={Nathan Universit{\'e}}
}

@inbook{Raffestin1986,
        author={Claude Raffestin},
        year={1986},
        title={Ecogenèse territoriale et territorialité},
        series={Espaces, jeux et enjeux},
        publisher={Fayard et Fondation Diderot},
        address={Paris},
        pages={175-185},
        note={ID: unige:4419},
        isbn={978-2-213-01864-5},
        language={fre},
        url={http://archive-ouverte.unige.ch/unige:4419},
}

%% hal-00731637, version 1
%% http://hal.archives-ouvertes.fr/hal-00731637
@article{Moine2006,
    hal_id = {hal-00731637},
    url = {http://hal.archives-ouvertes.fr/hal-00731637},
    title = {{Le territoire comme un syst{\`e}me complexe : un concept op{\'e}ratoire pour l'am{\'e}nagement et la g{\'e}ographie}},
    author = {Alexandre Moine},
    abstract = {{Les territoires sont aujourd'hui sur le devant de la sc{\`e}ne, press{\'e}s de fournir des solutions de d{\'e}veloppement socio-{\'e}conomique, ou une image coh{\'e}rente des lieux qu'ils englobent. On assiste {\`a} une forte consommation du concept, tout est territoire ; et des concepts qui recouvrent d'autres r{\'e}alit{\'e}s glissent imperceptiblement vers cette bo{\^\i}te noire qui repr{\'e}sente tout et rien {\`a} la fois. Visitons le concept sous l'angle de la syst{\'e}mique afin de produire une d{\'e}finition op{\'e}rationnelle qui permette de resituer le territoire vis-{\`a}-vis de l'espace g{\'e}ographique. Le territoire d{\'e}fini se trouve ainsi replac{\'e} au c{\oe}ur de la complexit{\'e}.}},
    keywords = {Acteurs ; Espace g{\'e}ographique ; Syst{\`e}me ; Territoire},
    language = {Fran{\c c}ais},
    affiliation = {Th{\'e}oriser et mod{\'e}liser pour am{\'e}nager - Th{\'e}MA},
    pages = {115-232},
    journal = {L'Espace G{\'e}ographique},
    volume = {35},
    number = {2 },
    audience = {internationale },
    year = {2006},
}


@incollection{Stell2008,
year={2008},
isbn={978-3-540-87472-0},
booktitle={Geographic Information Science},
volume={5266},
series={Lecture Notes in Computer Science},
editor={Thomas J. Cova and Harvey J. Miller and Kate Beard and Andrew U. Frank and Michael F. Goodchild},
doi={10.1007/978-3-540-87473-7_20},
title={A Theory of Change for Attributed Spatial Entities},
url={http://dx.doi.org/10.1007/978-3-540-87473-7_20},
publisher={Springer Berlin Heidelberg},
author={Stell, John and Worboys, Michael},
pages={308-319}
}

@article{Leyk2005,
    abstract = {{Uncertainty research represents a research stream of high interest within the community of geographical information science. Its elements, terminology and typology are still under strong discussion and adopted methods for analysis are currently under intensive development. This paper presents a conceptual framework for systematic investigation of uncertainty which occurs in applications of land cover change modelling in Geographical Information Systems (GIS) based on historical map data. Historical, in this context, means the map is old enough to allow identification of changes in landscape elements of interest, such as vegetation. To date such analyses are rarely conducted or not satisfactorily carried out, despite the fact that historical map data represent a potentially rich information source. The general validity and practicability of the framework for related applications is demonstrated with reference to one example in which forest cover change in Switzerland is investigated. The conceptual model consists of three domains in which main potential sources of uncertainty are systematically exposed. Existing links between data quality research and uncertainty are investigated to access the complex nature of uncertainty and to characterise the most suitable concepts for analysis. In accordance with these concepts appropriate methods and procedures are suggested to assess uncertainty in each domain. One domain is the production-oriented amount of uncertainty which is inherent in the historical map. Vagueness and ambiguity represent suitable concepts for analysis. Transformation-oriented uncertainty as the second domain occurs owing to editing and processing of digital data. Thereby, the suitable concept of uncertainty is error. The third domain is the application-oriented uncertainty which occurs in comparing semantically different data. This domain relates to multi-temporal discord which assumes the assessment of 'equi-temporal' ambiguity and is thus connected to the production-oriented domain. The framework provides an estimation of the overall amount of uncertainty. This can be linked to subsequent assessment of 'fitness for use'. Thus the model provides a practicable and systematic approach to access the complex nature of uncertainty in the scope of land cover change modelling.}},
    author = {Stefan Leyk and Ruedi Boesch and Robert Weibel},
    citeulike-article-id = {203055},
    citeulike-linkout-0 = {http://dx.doi.org/10.1111/j.1467-9671.2005.00220.x},
    citeulike-linkout-1 = {http://www.ingentaconnect.com/content/bpl/tgis/2005/00000009/00000003/art00003},
    day = {1},
    doi = {10.1111/j.1467-9671.2005.00220.x},
    issn = {1361-1682},
    journal = {Transactions in GIS},
    month = jun,
    number = {3},
    pages = {291--322},
    posted-at = {2013-11-04 16:14:17},
    priority = {2},
    publisher = {Blackwell Publishing Ltd},
    title = {{A Conceptual Framework for Uncertainty Investigation in Map-based Land Cover Change Modelling}},
    url = {http://dx.doi.org/10.1111/j.1467-9671.2005.00220.x},
    volume = {9},
    year = {2005}
}

@article{Strano2012,
	title = {Elementary processes governing the evolution of road networks},
	volume = {2},
	url = {http://dx.doi.org/10.1038/srep00296},
	doi = {10.1038/srep00296},
	journal = {Scientific Reports},
	author = {Emanuele Strano and Vincenzo Nicosia and Vito Latora and Sergio Porta and Marc Barthélemy},
	month = mar,
	year = {2012}
}


@article{Barthelemy2013,
    abstract = {{Interventions of central, top-down planning are serious limitations to the
possibility of modelling the dynamics of cities. An example is the city of
Paris France, which during the 19th century experienced large modifications
supervised by a central authority, the `Haussmann period'. In this article, we
report an empirical analysis of more than 200 years (1789-2010) of the
evolution of the street network of Paris. We show that the usual network
measures display a smooth behavior and that the most important quantitative
signatures of central planning is the spatial reorganization of centrality and
the modification of the block shape distribution. Such effects can only be
obtained by structural modifications at a large-scale level, with the creation
of new roads not constrained by the existing geometry. The evolution of a city
thus seems to result from the superimposition of continuous, local growth
processes and punctual changes operating at large spatial scales.}},
    archivePrefix = {arXiv},
    author = {Marc Barthelemy and Patricia Bordin and Henri Berestycki and Maurizio Gribaudi},
    citeulike-article-id = {12480117},
    citeulike-linkout-0 = {http://arxiv.org/abs/1307.2203},
    citeulike-linkout-1 = {http://arxiv.org/pdf/1307.2203},
    day = {8},
    eprint = {1307.2203},
    month = jul,
    posted-at = {2013-07-15 16:04:37},
    priority = {5},
    volume = {3},
    journal = {Scientific Reports},
    title = {{Self-organization versus top-down planning in the evolution of a city}},
    url = {http://arxiv.org/abs/1307.2203},
    year = {2013}
}


@incollection{Lunen2013,
  year={2013},
  isbn={978-94-007-5008-1},
  booktitle={History and GIS},
  editor={Alexander von Lünen and Charles Travis},
  doi={10.1007/978-94-007-5009-8_14},
  title={Tracking in a New Territory: Re-imaging GIS for History},
  url={http://dx.doi.org/10.1007/978-94-007-5009-8_14},
  publisher={Springer Netherlands},
  author={von Lünen, Alexander},
  pages={211-239},
  language={English}
}

@book{Ginzburg1989,
  title={Clues, myths, and the historical method},
  author={Carlo Ginzburg and John A. Tedeschi and Anne Tedeschi},
  year={1989},
  publisher={Johns Hopkins University Press Baltimore}
}

@article{Peagelow2013,
  author = {Martin Paegelow and María-Teresa Camacho-Olmedo and Jean-François Mas
	and Thomas Houet andR obert Gilmore Pontius Jr.},
  title = {Land change modelling: moving beyond projections},
  journal = {International Journal of Geographical Information Science},
  year = {2013},
  volume = {27},
  pages = {1691-1695},
  number = {9},
  doi = {10.1080/13658816.2013.819104},
  eprint = {http://www.tandfonline.com/doi/pdf/10.1080/13658816.2013.819104},
  url = {http://www.tandfonline.com/doi/abs/10.1080/13658816.2013.819104}
}

@article{Isoda2009,
author = {Yuzuru Isoda and Akihiro Tsukamoto and Yoshihiro Kosaka and Takuya Okumura and Masakazu Sawai and Keiji Yano and Susumu Yano and Satoshi Tanaka} ,
title = {Reconstruction of Kyoto of the Edo era based on arts and historical documents: 3D urban model based on historical GIS data},
journal = {International Journal of Humanities and Arts Computing},
volume = {3},
number = {1-2},
pages = {21-38},
year = {2009},
doi = {10.3366/ijhac.2009.0007},

URL = {http://www.euppublishing.com/doi/abs/10.3366/ijhac.2009.0007},
eprint = {http://www.euppublishing.com/doi/pdf/10.3366/ijhac.2009.0007}
}


@article{Southall2012,
  title={Rebuilding the Great Britain Historical GIS, Part 3: Integrating qualitative content for a sense of place},
  author={Humphrey Southall},
  journal={Historical Methods: A Journal of Quantitative and Interdisciplinary History},
  year={2012},
  publisher={Taylor and Francis}
}

@inbook{Goodchild2008,
  title={Combining space and time: new potential for temporal GIS},
  author={ Michael F. Goodchild},
  pages={179--198},
  crossref ={Knowles2008},
  volume={1},
  year={2008}
}



@article{Li2011,
author = {Linna Li and Michael F. Goodchild},
title = {An optimisation model for linear feature matching in geographical data conflation},
journal = {International Journal of Image and Data Fusion},
volume = {2},
number = {4},
pages = {309-328},
year = {2011},
doi = {10.1080/19479832.2011.577458},

URL = {http://www.tandfonline.com/doi/abs/10.1080/19479832.2011.577458},
eprint = {http://www.tandfonline.com/doi/pdf/10.1080/19479832.2011.577458}
}
@inproceedings{Eide2013,
address = {Dresden, Germany},
title = {Why Maps Are Silent When Texts Can Speak. Detecting Media Differences through Conceptual Modelling},
language = {anglais},
booktitle = {Proceedings of the Twenty-Sixth International Cartographic Conference},
author = {Eide Øyvind},
month = aug,
year = {2013},
keywords = {description verbale, itinéraire, modélisation, textes historiques},
pages = {1--13},
file = {Title of your Paper ? Mind the Uppercase Letters - 31_proceeding.pdf:files/388/31_proceeding.pdf:application/pdf}
}

@article{Salitchev1978,
  title={Cartographic communication/its place in the theory of science},
  author={Konstatin A. Salitchev},
  journal={Cartographica: The International Journal for Geographic Information and Geovisualization},
  volume={15},
  number={2},
  pages={93--99},
  year={1978},
  publisher={UT Press}
}
@article{Chrisman1999,
  title={What Does 'GIS' Mean?},
  author={Nicholas R. Chrisman},
  journal={Transactions in GIS},
  volume={3},
  number={2},
  pages={175--186},
  year={1999},
  publisher={Wiley Online Library}
}

@book{Didier1990,
  title={Utilité et valeur de l'information géographique},
  author={Michel Didier},
  publisher={Economica},
  year={1990},
}

@article{Spitzer1999,
    author = {Spitzer, Alan},
    citeulike-article-id = {12806359},
    citeulike-linkout-0 = {http://dx.doi.org/10.1080/13642520050074867},
    citeulike-linkout-1 = {http://www.tandfonline.com/doi/abs/10.1080/13642520050074867},
    day = {1},
    doi = {10.1080/13642520050074867},
    journal = {Rethinking History},
    keywords = {history},
    month = jul,
    number = {2},
    pages = {217--220},
    posted-at = {2013-11-29 17:49:23},
    priority = {2},
    publisher = {Routledge},
    title = {{Carlo Ginzburg (1999), History, Rhetoric and Proof}},
    url = {http://dx.doi.org/10.1080/13642520050074867},
    volume = {4},
    year = {2000}
}

@inbook{Veregin1995,
  author={Howard Veregin and Peter Hargitai},
  year = {1995},
  title={An evaluation matrix for geographical data quality.},
  crossref={Guptill1995},
  pages = {167--188}
}


@book{Guptill1995,
  editor={Stepher C. Guptill and Joel L. Morrison},
  title={Elements of spatial data quality},
  year={1995},
  publisher={Elsevier}
}

@book{Blomac1994,
  author={Françoise de Blomac and Manuel Hubert and Rony Gal},
  year={1994},
  title={Arc-Info - Concepts Et Applications En Géomatique},
  publisher={Hermès Science Publications}
}
  

@article{Hagerstrand1970,
    author = {Hägerstrand, Torsten},
    citeulike-article-id = {1806849},
    citeulike-linkout-0 = {http://dx.doi.org/10.1007/bf01936872},
    day = {1},
    doi = {10.1007/bf01936872},
    journal = {Papers in Regional Science},
    keywords = {time-geography},
    month = dec,
    number = {1},
    pages = {6--21},
    posted-at = {2007-10-22 15:58:03},
    priority = {2},
    title = {{What about people in Regional Science?}},
    url = {http://dx.doi.org/10.1007/bf01936872},
    volume = {24},
    year = {1970}
}


@article{Dodge2012,
    abstract = {{In recent years there has been a turn within cartographic theory from a representational to a processual understanding of mapping. Maps have been re-conceptualised as mappings that ceaselessly unfold through contingent, citational, habitual, negotiated, reflexive and playful practices, embedded within relational contexts. In this paper, we explore what this rethinking means for cartographic epistemology, contending that attention needs to be focused on understanding cartography through the lens of practices ? how mappings are (re)made in diverse ways (technically, socially, bodily, aesthetically and politically) by people within particular contexts and cultures as solutions to everyday tasks. We detail how these practices can be profitably examined using a suite of methods ? genealogies, ethnographies, ethnomethodology, participant observation, observant participation and deconstruction ? that are sensitive to capturing and distilling the unfolding and contextual nature of mapping. To illustrate our argument we narrate the unfolding production and consumption of a set of mappings of so-called 'ghost estates' in Ireland, a public geography project that has been covered over 300 times in local, national and international media and that has contributed to Irish public discourse and policy debates.}},
    author = {Kitchin, Rob and Gleeson, Justin and Dodge, Martin},
    citeulike-article-id = {12258381},
    citeulike-linkout-0 = {http://dx.doi.org/10.1111/j.1475-5661.2012.00540.x},
    day = {1},
    doi = {10.1111/j.1475-5661.2012.00540.x},
    journal = {Transactions of the Institute of British Geographers},
    month = jul,
    number = {3},
    pages = {480--496},
    posted-at = {2013-12-04 13:07:59},
    priority = {2},
    publisher = {Blackwell Publishing Ltd},
    title = {{Unfolding mapping practices: a new epistemology for cartography}},
    url = {http://dx.doi.org/10.1111/j.1475-5661.2012.00540.x},
    volume = {38},
    year = {2013}
}

@book{Berthaut1898,
  title={La carte de France, 1750-1898: {\'e}tude historique},
  author={Berthaut, Henri Marie Auguste},
  volume={1},
  year={1898},
  publisher={Imprimerie du Service g{\'e}ographique}
}


@article{Tucci2010,
  title={Using spatial analysis and geovisualization to reveal urban changes: Milan, Italy, 1737--2005},
  author={Tucci, Michele and Giordano, Alberto and Ronza, Rocco W},
  journal={Cartographica: The International Journal for Geographic Information and Geovisualization},
  volume={45},
  number={1},
  pages={47--63},
  year={2010},
  publisher={UT Press}
}


@article{Brovelli2012,
 author = {Maria A. Brovelli and Marco Minghini},
 title = {Georeferencing old maps~: a polynomial-based approach for Como historical cadastres},
 journal = {e-Perimetron},
 issue_date = {2012},
 volume = {17},
 number={3},
 year = {2012},
 issn={1790-3769},
 url={http://www.e-perimetron.org/Vol_7_3/Brovelli_Minghini.pdf},
 lastchecked={2013-12-01}
} 

@article{Grosso2010,
 author = {Eric Grosso},
 title = {Integration of historical geographic data into current georeferenced frameworks: A user-centred approach},
 journal = {e-PErimetron},
 issue_date = {2010},
 volume = {5},
 number={3},
 year = {2010},
 issn={1790-3769},
 url={http://www.e-perimetron.org/Vol_5_3/Grosso.pdf},
 lastchecked={2013-12-01}
} 

@techreport{GeopeupleL231,
  author={Benoit Costes},
  title={Appariement Cassini - RGE (géométries ponctuelles)},
  institution={GeoPeuple},
  year={2012},
  url={http://geopeuple.ign.fr/doc/rapports/L2.3-2_Appariement_Cassini-RGE_geometries_lineaires_V1.pdf}
 
}

@article{Goldberg2007,
  title={From text to geographic coordinates: the current state of geocoding},
  author={Daniel W  Goldberg and John P Wilson and Craig A Knoblock},
  journal={URISA journal},
  volume={19},
  number={1},
  pages={33--46},
  year={2007},
  publisher={National Institute of Justice Special Report}
}

@book{BouchonMeunier1995,
  title={La Logique floue et ses applications},
  author={Bernadette Bouchon-Meunier},
  isbn={9782879080734},
  series={Vie artificielle},
  year={1995},
  publisher={Addison-Wesley France}
}

@book{Mashlup1983,
  title={The study of information: interdisciplinary messages},
  author={Fritz Machlup and Una Mansfield},
  year={1983},
  publisher={John Wiley \& Sons, Inc.}
}

@article{Fisher1999,
  title={Models of uncertainty in spatial data},
  author={Peter F Fisher},
  journal={Geographical information systems},
  volume={1},
  pages={191--205},
  year={1999},
  publisher={John Wiley \& Sons, New-York}
}


@incollection{Fisher2005,
  title={Nature de l'incertitude pour les données spatiales},
  author={Peter Fisher and Alexis Comber and Richard Wadsworth},
  booktitle={Qualité de l'information géographique},
  crossref={Devillers2005},
  pages={43--60},
  volume={1},
  year={2005}
}

@book{Devillers2005,
  title={Qualité de l'information géographique},
  editor={Rodolphe Devillers and Robert Jeansoulin},
  publisher={Hermes},
  series={Traité IGAT},
  year={2005}
}

@unpublished{Berman2013,
  author={Merrick Lex Berman},
  title={Origins and Development of the China Historical GIS},
  note = {Pelagios 3 Gazetteer Technical Workshop,Institute for the Study of the Ancient World},
  year={2013},
  date={2013-09-12},
  city={New York},
  url={http://www.fas.harvard.edu/~chgis/work/docs/papers/Pelagios_CHGIS_Model_20130906.pdf}
}

@techreport{DublinCore2008,
  title={Dublin core metadata element set, version 1.1},
  author="{Dublin Core Metadata Initiative}",
  year={2012},
   INSTITUTION = "{Dublin Core Metadata Initiative}",
   URL={http://dublincore.org/documents/dces/}
}

@inbook{Atkinson2002,
  author={Giles M. Foody, Peter M and Atkinson},
  title={Current Status of Uncertainty Issues in Remote Sensing and GIS},
  crossref={Foody2002},
  pages={287--302}
}

@book{Foody2002,
  title={Uncertainty in remote sensing and GIS},
  author={Foody, Giles M and Atkinson, Peter M and Wiley, John},
  year={2002},
  publisher={Wiley Online Library}
}

@book{Klir1995,
  title={Fuzzy sets and fuzzy logic},
  author={George J. Klir and Bo Yuan},
  year={1995},
  publisher={Prentice Hall New Jersey}
}

@BOOK{Longley2005,
title={Geographic Information Systems and Science},
author={Paul A. Longley and Michael F. Goodchild and David J. Maguire and David W. Rhind},
publisher={Wiley},
year={2005},
month={3},
edition={2},
isbn={9780470870013},
totalpages={536},
timestamp={2013.12.10},
}


@article{Smith2010,
  title={Fiat and bona fide boundaries},
  author={Smith, Barry and Varzi, Achille C},
  journal={Philosophy and phenomenological research},
  volume={60},
  number={2},
  pages={401--420},
  year={2010}
}

@book{Atkinson2004,
  title={GeoDynamics},
  author={Atkinson, P. and Foody, G.M. and Darby, S.E. and Wu, F.},
  isbn={9781420038101},
  lccn={2004058303},
  year={2004},
  publisher={Taylor \& Francis}
}

@incollection{Smith1995,
  title={On drawing lines on a map},
  author={Smith, Barry},
  booktitle={Spatial Information Theory A Theoretical Basis for GIS},
  pages={475--484},
  year={1995},
  publisher={Springer}
}



@incollection{Plewe1997,
  title={A representation-oriented taxonomy of gradation},
  author={Plewe, Brandon},
  booktitle={Spatial Information Theory A Theoretical Basis for GIS},
  pages={121--135},
  year={1997},
  publisher={Springer}
}


@phdthesis{DelMondo2011,
  title={Un mod{\`e}le de graphe spatio-temporel pour repr{\'e}senter l'{\'e}volution d'entit{\'e}s g{\'e}ographiques},
  author={Del Mondo, G{\'e}raldine},
  year={2011},
  school={Universit{\'e} de Bretagne occidentale-Brest}
}

@book{Merlin1827,
  title={R{\'e}pertoire universel et raisonn{\'e} de jurisprudence},
  author={Merlin, P.A.},
  number={vol.~10},
  series={R{\'e}pertoire universel et raisonn{\'e} de jurisprudence},
  year={1827},
  publisher={J. P. Roret et}
}

@book{France1836,
  title={Collection compl{\`e}te des lois, d{\'e}crets d'int{\'e}r{\^e}e g{\'e}n{\'e}ral, trait{\'e}s internationaux, arr{\^e}t{\'e}s, circulaires, instructions, etc},
  author={J. B. Duvergier},
  volume={16},
  lccn={06025303},
  url={http://books.google.fr/books?id=uJ8xAAAAIAAJ},
  year={1836},
  publisher={Recueil Sirey}
}

@book{Chabrol1823,
  title={Recherches statistiques sur la ville de Paris et le d{\'e}partement de la Seine: recueil de tableaux},
  author={Gilbert Joseph Gaspard {De Chabrol de Volvic}},
  number={vol.~2},
  series={Recherches statistiques sur la ville de Paris et le d{\'e}partement de la Seine: recueil de tableaux},
  url={http://books.google.fr/books?id=qwZDAAAAcAAJ},
  year={1823},
  publisher={Imprimerie royale}
}


@article{PinonCFC1996,
  title={Les plans d'alignements comme source cartographique},
  author={Pierre Pinon},
  journal={Bulletin du Comité Français de Cartographie},
  volume={148},
  pages={79--87},
  year={1996},
  publisher={National Institute of Justice Special Report}
}

@phdthesis{Pronteau1986,
  title={Edme Verniquet: 1727-1804},
  author={Jeanne Pronteau},
  school={École des Chartes},
  year={1986},
  editor={Ville de Paris}
}

@misc{SHPI1881,
  title={Mémoires de la société de l'histoire de Paris et de l'Île de France},
  author={{Société de l'histoire de Paris et de l'Île de France}},
  editor={Champion, H.},
  number={VIII},
  year={1881},
  publisher={Bibliothèque Nationale de France},
  url={http://catalogue.bnf.fr/ark:/12148/cb32813297q}
}

@misc{GazetteTribunaux18300310,
  title={Gazette des Tribunaux, édition du 10 mars 1830},
  year={1830},
  key={Gazette des Tribunaux},
  day={10},
  month= mar
}

@misc{GazetteTribunaux18330724,
  title={Gazette des Tribunaux, édition du 24 juillet 1833},
  year={1833},
  day={24},
  key={Gazette des Tribunaux},
  month= jul
}

@misc{GazetteTribunaux18421107,
  title={Gazette des Tribunaux, édition du 7 novembre 1842},
  year={1842},
  day={7},
  key={Gazette des Tribunaux},
  month= nov
}
@misc{GazetteTribunaux18421108,
  title={Gazette des Tribunaux, édition du 8 novembre 1842},
  year={1842},
  day={8},
  key={Gazette des Tribunaux},
  month= nov
}

@misc{GazetteTribunaux18421110,
  title={Gazette des Tribunaux, édition du 10 novembre 1842},
  year={1842},
  day={10},
  key={Gazette des Tribunaux},
  month= nov
}

@misc{GazetteTribunaux18421111,
  title={Gazette des Tribunaux, édition du 11 novembre 1842},
  year={1842},
  day={11},
  key={Gazette des Tribunaux},
  month= nov
}


@misc{BNFProspectusJacoubet,
  title={Atlas général de la ville de Paris, de ses faubourgs et de ses monuments; par Th. Jacoubet. In-8 °. Prospectus. BNF, notice FRBNF36394280},
  year={1826},
  author={Théodore Jacoubet}
}

@misc{BiblioFrance1825,
  title={{Bibliographie de la France ou Journal Général de l'Imprimerie et de la Librairie}},
  year={1825},
  volume={14},
  note = {Accessed: 2015-11-18},
  key={{Journal Général de l'Imprimerie et de la Librairie}},
  url={http://gallica.bnf.fr/ark:/12148/cb34348270x/date1825}
}

@misc{BiblioFrance1826,
  title={Bibliographie de la France ou Journal Général de l'Imprimerie et de la Librairie, et des Cartes Géographiques, Gravures, Lithographies, Oeuvres de musique},
  year={1826},
  number={48},
  volume={15},
  key={{Journal Général de l'Imprimerie et de la Librairie}},
  url={http://gallica.bnf.fr/ark:/12148/cb34348270x/date1826}
}

@misc{TriangulationJacoubet1829,
  title={Triangulation de Paris. Copie conforme à l'original terminé le 15 août 1826. Th. Jacoubet : 20 novembre 1829. BHVP Gr G 33.},
  author={Théodore Jacoubet},
  year={1829},
}

@misc{JournalDebats16111842,
  title={Journal des Débats Politiques et Littéraires},
  key={Journal des Débats Politiques et Littéraires 16 novembre 1842},
  year={1842},
  day={16},
  month= nov,
}


@article{Guevel2004,
  title={Les canaux parisiens comme éléments fondateurs de la forme urbaine au XIX\up{ème} siècle? La places des Marais},
  author={Solènne Guével},
  journal={Compte rendu de la séance de l'atelier ''Paris'', Infrastructures territoriales et urbanisation},
  year={2004},
}

@article{Dumas1999,
  title={ Représentation et description des propriétés à Paris au XIXe siècle. Cadastre et plan parcellaire },
  author={Jean-Philippe Dumas},
  volume={111},
  number={111-2}, 
  pages={779--793},
  journal={Mélanges de l'École française de Rome. Italie et Méditerranée},
  year={1999},
}


@book{Bonnardot1851,
  title={Études archéologiques sur les anciens plans de Paris des XVI\up{e}, XVII\up{e} et XVIII\up{e} siècles},
  author={Alfred Bonnardot},
  year={1851},
  publisher={Librairie Deflorenne}
}

@book{Pronteau1966,
  title={Les numérotages des maisons de Paris du XVe siècle à nos jours?},
  author={Jeanne Pronteau and Pierre Levadan},
  year={1966},
  publisher={Paris, Ville de Paris (Commission des travaux historiques, sous-commission de recherches d'histoire municipale contemporaine, VIII)}
}

@book{Maire1808,
  title={La topographie de Paris; ou Plan détaillé de la ville de Paris et de ses faubourgs},
  author={Nicolas Maire},
  publisher={Nicolas Maire},
  year={1808},
}

@book{Pronteau1987,
  title={Petit Atlas Pittoresque des quarante-huit quartiers de la ville de Paris (1834)},
  author={Aristide Marie Perrot},
  publisher={Service des Travaux Historiques de la Ville de Paris},
  year={1987},
}

@book{JacoubetReponseEstAnge1842,
  title={Affaire Hourdequin. R{\'e}ponse au plaidoyer de Me Chaix d'Est-Ange (suite). Direction du bureau des plans. Organisation. 1re p{\'e}riode 1822-23-24-25-26. 2e 1827-28. 3e 1829-30, par Th. Jacoubet,...},
  author={Théodore Jacoubet},
  year={1842},
  publisher={Théodore Jacoubet}
}

@book{Casselle2000,
  title={La Commission des embellissements de Paris ? Rapport à l'Empereur Napoléon III},
  publisher={Paris~: Rotonde de la Villette},
  year={2000},
  series={Cahier de la Rotonde},
  editor={Pierre Casselle},
  number={23}
  
}

@book{Lazare1844,
  title={Dictionnaire administratif et historique des rues de Paris et de ses monuments},
  author={Félix Lazare and Louis-Clément Lazare},
  lccn={15010577},
  year={1844},
  publisher={New York Public Library}
}

@book{Lazare1855,
title={Dictionnaire administratif et historique des rues et monuments de Paris},
  author={Félix Lazare and Louis-Clément Lazare},
  lccn={15010577},
  year={1855},
  publisher={New York Public Library}
}

@article{Balletti2000,
  title={Analytical and quantitative methods for the analysis of the geometrical content of historical cartography},
  author={Caterina Balletti},
  journal={International Archives of Photogrammetry and Remote Sensing},
  volume={33},
  number={B5/1; PART 5},
  pages={30--37},
  year={2000},
  publisher={Internation Society for Photogrammetry and Remote Sensing}
}

@article{Balletti2006,
  title={Georeference in the analysis of the geometric content of early maps},
  author={Balletti, Caterina},
  journal={e-Perimetron},
  volume={1},
  number={1},
  pages={32--42},
  year={2006}
}

@inproceedings{Gallois1909,
  title={L'académie des sciences et les origines de la carte de Cassini},
  author={Gallois, Léon},
  booktitle={Annales de Géographie},
  pages={289--310},
  year={1909},
  organization={JSTOR}
}

@book{Martin2008,
  title={Vauban, architecte de la modernit{\'e}?},
  author={Martin, T. and Virol, M.},
  isbn={9782848672328},
  lccn={2008447516},
  series={Cahiers de la Maison des sciences de l'homme Ledoux},
  year={2008},
  publisher={Presses universitaires de Franche-Comt{\'e}}
}


@inproceedings{Pfeiffer2013,
  title={Virtual Leodium: From an historical 3D city scale model to an archaeological information system},
  author={Pfeiffer, Michelle and Carr{\'e}, Cyril and Delfosse, Vincent and Billen, Roland},
  booktitle={CIPA 2013 Symposium - Recording, Documentation and Cooperation for Cultural Heritage},
  city={Strasbourg},
  year={2013}
}

@article{Landry1935,
  title={La démographie de l'ancien Paris},
  author={Adolphe Landry},
  journal={Journal de la société statistique de Paris},
  volume={76},
  pages={34--45},
  year={1935},
  publisher={Société statistique de Paris},
  url={http://archive.numdam.org/ARCHIVE/JSFS/JSFS_1935__76_/JSFS_1935__76__34_0/JSFS_1935__76__34_0.pdf},
  lastchecked={2014-03-18}
}

Recueil général des lois et des arrêts : en matière civile, criminelle, commerciale et de droit publi
@article{Chevalier1952,
  title={La formation de la population parisienne au {XIX}\up{e} siècle},
  author={Louis Chevalier},
  journal={Annales, Économies, Sociétés, Civilisations},
  volume={7},
  number={1},
  pages={93--95},
  year={1952},
  publisher={Persée},
  url={http://www.persee.fr/web/revues/home/prescript/article/ahess_0395-2649_1952_num_7_1_2036_t1_0093_0000_1},
  lastchecked={2014-03-18}
}


@phdthesis{Bourillon2000,
    author = {Florence Bourillon},
    title = {Les Parisiens et la modernisation de la ville au XIXe siècle. Évaluer, transformer et construire la ville},
    note={Mémoire pour le diplôme d'Habilitation à diriger des recherches},
    year = {2000},
    school={Université Paris 12-Val-de-Marne},
    url={http://rh19.revues.org/404?lang=en},
    lastchecked={2014-03-18}
}

@book{Boutier2007,
  title={Les plans de Paris des origines, 1493, {\`a} la fin du XVIIIe si{\`e}cle: {\'e}tude, carto-bibliographie et catalogue collectif},
  author={Jean Boutier},
  year={2007},
  publisher={Biblioth{\`e}que Nationale de France-BNF}
}

@book{Fourquier2007,
  title={Le Paris du Premier Empire par Nicolas Maire},
  author={Fourquier, A.},
  url={http://books.google.fr/books?id=-0qQQwAACAAJ},
  year={2007},
  publisher={Magazine du bibliophile}
}

@article{Noizet2009,
  title={Les plans d'{\^\i}lots Vasserot, support d'un syst{\`e}me de l'information g{\'e}ographique historique de Paris},
  author={Noizet, H{\'e}l{\`e}ne},
  journal={EAV (Ecole nationale sup{\'e}rieure d'architecture de Versailles)},
  volume={14},
  pages={86--95},
  year={2009}
}

@article{Souchon2002,
  title={Philibert Vasserot et les atlas des quartiers de Paris},
  author={Souchon, C{\'e}cile},
  journal={Le Monde des cartes},
  volume={171},
  pages={37--41},
  year={2002},
  publisher={Comit{\'e} fran{\c{c}}ais de cartographie}
}

@book{Coyecque1909,
  title={Les plans cadastraux de la ville de Paris aux archives Nationales...},
  author={Ernest Coyecque},
  url={http://books.google.fr/books?id=juuEQwAACAAJ},
  year={1909},
  publisher={Daupeley-Gouverneur}
}

@book{Haussmann1893,
  title={Mémoires du Baron Haussmann},
  author={Georges-Eugène Haussmann},
  url={http://gallica.bnf.fr/ark:/12148/bpt6k220530f},
  year={1890-1893},
  publisher={Bibliothèque Nationale de France},
  note={BNF, FRBNF34032054}
}


@article{Mareuse1925,
  title={Communication de M. Edgar Mareuse relative à un plan de Paris au 5/1000\up{e} qui aurait été utilisé par le baron Haussmann, Préfet de la Seine},
  author={Edgar Mareuse},
  journal={Procès verbaux de la Commission du Vieux Paris},
  volume={1},
  pages={9--10},
  year={1925},
  url={http://gallica.bnf.fr/ark:/12148/bpt6k5828790s/},
  publisher={Mairie de Paris},
  note={}
}

@book{NGuyen2006,
  title={Introduction pratique aux bases de donn{\'e}es relationnelles},
  author={Nguyen, D.H. and Meier, A.},
  isbn={9782287310904},
  series={Collection IRIS},
  year={2006},
  publisher={Springer}
}

%--------------------------------------------------------------------------------------------------------------------------------
%CHAPITRE 5 : GEOREFERENCEMENT
%--------------------------------------------------------------------------------------------------------------------------------

@inproceedings{Baiocchi2005,
  title={Georeferencing the historical maps of Rome between the seventeenth and eighteenth centuries},
  author={Valerio Baiocchi and Keti Lelo},
  booktitle={CIPA 2005 XX International Symposium},
  year={2005},
  month=oct,
  day={01}
}

@article{Jenny2011,
  title={Studying cartographic heritage~: Analysis and visualization of geometric distortions},
  author={Bernhard Jenny and Lorenz Hurni},
  journal={Computers \& Graphics},
  volume={35},
  number={2},
  pages={402--411},
  year={2011},
  publisher={Elsevier}
}

@article{Herrault2013,
  title={A comparative study of geometric transformation models for the historical ''Map of France'' registration.},
  author={Pierre-Alexis Herrault and Mathieu Fauvel and David Sheeren and Claude Monteil and Martin Paegelow},
  journal={Geographia Technica},
  volume={17},
  number={1},
  year={2013}
}

@inproceedings{Levin2009,
  title={Maps and the settlement of southern Palestine, 1799--1948: an historical/GIS analysis},
  author={Levin, Noam and Kark, Ruth and Galilee, Emir},
  booktitle={FIG Working Week 2012},
  year={2012}
}


@article{Papakosta2012,
  title={The use of Linear Features as Ground Control Information for the Georeferencing of Old Aerial Photos},
  author={Chryssa Papakosta, Charalabos Ioannidis and Dimitra Vassilaki},
  journal={Journal of Historical Geography},
  volume={30},
  pages={1--21},
  year={2009}
}

@article{Boutoura2006,
  title={Some fundamentals for the study of the geometry of early maps by comparative methods},
  author={Boutoura, Chryssoula and Livieratos, Evangelos},
  journal={e-Perimetron},
  volume={1},
  number={1},
  pages={60--70},
  year={2006}
}

@book{McWilliams2005,
  title={Field Techniques: GIS, GPS and Remote Sensing},
  author={N. McWilliam and R. Teeuw and M. Whiteside and P. Zukowskyj},
  isbn={0907649882},
  year={2005},
  publisher={Expedition Advisory Centre of the Royal Geographical Society}
}

@article{Harwin2012,
  title={Assessing the accuracy of georeferenced point clouds produced via multi-view stereopsis from unmanned aerial vehicle (UAV) imagery},
  author={Harwin, Steve and Lucieer, Arko},
  journal={Remote Sensing},
  volume={4},
  number={6},
  pages={1573--1599},
  year={2012},
  publisher={Molecular Diversity Preservation International}
}

@article{Gregory2005,
  title={Accurate mapping of ground control points for image rectification and holistic planned grazing preparation},
  author={Gregory, Jed and Weber, Keith T and Panda, Sudhanshu},
  journal={Methods},
  year={2005}
}

@article{Benavides2006,
  title={Identifying surviving landmarks on historical maps},
  author={Benavides, J and Koster, E},
  journal={e-Perimetron},
  volume={1},
  number={3},
  pages={194--208},
  year={2006}
}

@inproceedings{Zanola2009,
  title={The effect of realism on the confidence in spatial data quality in stereoscopic 3D displays},
  author={Zanola, Silvio and Fabrikant, Sara Irina and {\c{C}}{\"o}ltekin, Arzu},
  booktitle={Proceedings of the 24th international cartography conference (ICC 2009), Santiago, Chile},
  year={2009}
}

@inproceedings{Eltohamy2009,
  title={Effect of ground control points location and distribution on geometric correction accuracy of remote sensing satellite images},
  author={Eltohamy, F and Hamza, EH},
  booktitle={13th International Conference on Aerospace Sciences \& Aviation Technology (ASAT-13)},
  year={2009}
}


@article{Mather1995,
  title={Map-image registration accuracy using least-squares polynomials},
  author={Mather, Paul M},
  journal={International Journal of Geographical Information Systems},
  volume={9},
  number={5},
  pages={543--554},
  year={1995},
  publisher={Taylor \& Francis}
}

@article{Schaer2003,
  title={Georeferencement direct des images par GPS/INS-approche rigoureuse pour le calibrage des excentricites angulaires (boresight calibration)},
  author={Schaer, P and Skaloud, J and Vallet, J},
  journal={GEOMATIK SCHWEIZ},
  pages={440--445},
  year={2003},
  publisher={UNKNOWN}
}

@article{Jenny2007,
  title={Visualizing the planimetric accuracy of historical maps with MapAnalyst},
  author={Jenny, Bernhard and Weber, Adrian and Hurni, Lorenz},
  journal={Cartographica: The International Journal for Geographic Information and Geovisualization},
  volume={42},
  number={1},
  pages={89--94},
  year={2007},
  publisher={UT Press}
}

@book{Gregory2007_2,
  title={Historical GIS: Technologies, methodologies and scholarship.},
  author={Gregory, Ian and Ell, Paul S},
  year={2007},
  publisher={Cambridge University Press}
}

@inproceedings{DaiPra2013,
  title={Rectify the river, rectify the map. Geometry and geovisualization of Adige river hydro-topographic historical maps},
  author={Elena Dai Prà and Marco Mastronunzio},
  booktitle={8th International Workshop on Digital Approaches to Cartographic Heritage},
  year={2013},
}

@inproceedings{Plumejeaud2012,
  title={G{\'e}or{\'e}f{\'e}rencement et appariement de donn{\'e}es issues des cartes de Cassini},
  author={Christine Plumejeaud and Benoit Costes and Eric Grosso},
  booktitle={Actes de la Conf{\'e}rence internationale de G{\'e}omatique et Analyse Spatiale 2012},
  pages={96},
  year={2012}
}

@techreport{Zhang1993,
  title={Le problème de la mise en correspondance~: l'état de l'art},
  author={Zhang, Zhengyou},
  institution={Institut national de rechercher en informatique et en automatique},
  year={1993}
}

@book{Pumain2010,
  title={La repr{\'e}sentation des donn{\'e}es g{\'e}ographiques: Statistique et cartographie},
  author={Pumain, Denise and B{\'e}guin, Mich{\`e}le},
  year={2010},
  publisher={Armand Colin}
}
@misc{BDORTHO,
  title={BD ORTHO V2. Descriptif de contenu},
  author={IGN},
  url = {http://professionnels.ign.fr/sites/default/files/DC_BDORTHO_2.pdf},
  lastchecked={2014-07-10},
  year={2011},
  month= jan
}
@misc{PARCELLAIRE_PARIS,
  title={Conditions générales d'utilisation des fichiers de données cartographiques produits par la Direction de l'Urbanisme de la Ville de Paris},
  author={Ville de Paris, Direction de l'Urbanisme},
  url = {http://paris-a-la-carte-version-pl.paris.fr/carto/licences/20080206_licence_plan_parcellaire.pdf},
  lastchecked={2014-07-10},
  year={2008}
}


@techreport{DOC_GEODESIE1,
  title={Que sont les projections Lambert-93 et Coniques Conformes 9 zones?},
  author={{Service de Géodésie et de Nivellement}},
  institution={IGN},
  url = {http://geodesie.ign.fr/contenu/fichiers/Lambert93_ConiquesConformes.pdf},
  lastchecked={2014-07-10},
  year={2013}
}

@techreport{DOC_GEODESIE2,
  title={Systèmes de projections},
  author={{Service de Géodésie et de Nivellement}},
  institution={IGN},
  url = {http://education.ign.fr/sites/all/files/geodesie_projections.pdf},
  lastchecked={2014-07-10},
  year={2009}
}

@phdthesis{Cachier2002,
 title={Recalage non rigide d'images médicales volumiques : contributions aux approches iconiques et géométriques},
  author={Pascal Cachier},
  url = {http://tel.archives-ouvertes.fr/tel-00630493},
  lastchecked={2014-07-10},
  school={INRIA Sophia Antipolis - EPIDAURE},
  year={2002}
}
@article{Greenberg1987,
  title={Isaac Newton et la théorie de la figure de la Terre},
  author={John Greenberg},
  journal={Revue d'histoire et des sciences},
  volume={40},
  pages={357--366},
  number={40-3-4},
  url = {http://www.persee.fr/web/revues/home/prescript/article/rhs_0151-4105_1987_num_40_3_4062},
  lastchecked={2014-07-10},
  year={1987}
}


@article{Brown1992,
  title={A survey of image registration techniques},
  author={Brown, Lisa Gottesfeld},
  journal={ACM computing surveys (CSUR)},
  volume={24},
  number={4},
  pages={325--376},
  year={1992},
  publisher={ACM}
}

@book{Lawson1974,
  title={Solving least squares problems},
  author={Lawson, Charles L and Hanson, Richard J},
  volume={161},
  year={1974},
  publisher={SIAM}
}

@article{Repisky20121,
  title={Problems of Linear Least Square Regression},
  author={Repisk{\`y}, Jozef and Burger, Michael},
  journal={Proceedings in ARSA-Advanced Research in Scientific Areas},
  volume={1},
  year={2012}
}


@book{Klein1994,
  title={Le temps et sa fl{\`e}che},
  author={Klein, Etienne and Spiro, Michel and Paty, Michel},
  year={1994},
  publisher={Editions Fronti{\`e}res}
}
@article{Allen1983,
  title={Maintaining knowledge about temporal intervals},
  author={Allen, James F},
  journal={Communications of the ACM},
  volume={26},
  number={11},
  pages={832--843},
  year={1983},
  publisher={ACM}
}

@article{Langran1988,
  title={A framework for temporal geographic information},
  author={Langran, Gail and Chrisman, Nicholas R},
  journal={Cartographica: The International Journal for Geographic Information and Geovisualization},
  volume={25},
  number={3},
  pages={1--14},
  year={1988},
  publisher={UT Press}
}

@book{Lakoff1990,
  title={Women, fire, and dangerous things: What categories reveal about the mind},
  author={Lakoff, George},
  year={1990},
  publisher={Cambridge Univ Press}
}

@article{Frank1998,
  title={Different Types of" Times" in GlS},
  author={Frank, Andrew U},
  journal={Spatial and temporal reasoning in geographic information systems},
  pages={40},
  year={1998},
  publisher={Oxford University Press}
}

@book{Peuquet2002,
  title={Representations of space and time},
  author={Peuquet, Donna J},
  year={2002},
  publisher={Guilford Press}
}

@inproceedings{Worboys1990,
  title={Reasoning about GIS using temporal and dynamic logics},
  author={Worboys, MF},
  booktitle={Temporal GIS Workshop. University of Maine},
  year={1990}
}



@book{Jensen1998,
  title={The consensus glossary of temporal database concepts?february 1998 version},
  author={Jensen, Christian S and Dyreson, Curtis E and B{\"o}hlen, Michael and Clifford, James and Elmasri, Ramez and Gadia, Shashi K and Grandi, Fabio and Hayes, Pat and Jajodia, Sushil and K{\"a}fer, Wolfgang and others},
  year={1998},
  publisher={Springer}
}

@article{Jensen1996,
  title={Semantics of time-varying information},
  author={Jensen, Christian S and Snodgrass, Richard T},
  journal={Information Systems},
  volume={21},
  number={4},
  pages={311--352},
  year={1996},
  publisher={Elsevier}
}


@article{Dragicevic2000,
  title={A fuzzy set approach for modelling time in GIS},
  author={Dragicevic, Suzana and Marceau, Danielle J},
  journal={International Journal of Geographical Information Science},
  volume={14},
  number={3},
  pages={225--245},
  year={2000},
  publisher={Taylor \& Francis}
}

@incollection{Snodgrass1992,
  title={Temporal databases},
  author={Snodgrass, Richard T},
  booktitle={Theories and Methods of Spatio-Temporal Reasoning in Geographic Space},
  pages={22--64},
  year={1992},
  publisher={Springer}
}

@article{Worboys1994,
  title={A unified model for spatial and temporal information},
  author={Worboys, Michael F},
  journal={The Computer Journal},
  volume={37},
  number={1},
  pages={26--34},
  year={1994},
  publisher={Br Computer Soc}
}


@article{Worboys1998,
  title={A generic model for spatio-bitemporal geographic information},
  author={Worboys, Michael F},
  journal={Spatial and temporal reasoning in geographic information systems},
  pages={25--39},
  year={1998},
  publisher={Oxford University Press, Oxford, UK}
}

@incollection{Kamp1979,
  title={Events, instants and temporal reference},
  author={Kamp, Hans},
  booktitle={Semantics from different points of view},
  pages={376--418},
  year={1979},
  publisher={Springer}
}

@article{Sciavicco2012,
  title={Reasoning with time intervals: A logical and computational perspective},
  author={Sciavicco, Guido},
  journal={ISRN Artificial Intelligence},
  volume={2012},
  year={2012},
  publisher={Hindawi Publishing Corporation}
}

@article{Freska1992,
  title={Temporal reasoning based on semi-intervals},
  author={Freksa, Christian},
  journal={Artificial intelligence},
  volume={54},
  number={1},
  pages={199--227},
  year={1992},
  publisher={Elsevier}
}


@book{Fraisse1967,
  title={Psychologie du temps},
  author={Fraisse, Paul},
  year={1967},
  publisher={Presses universitaires de France}
}

@inproceedings{Bucher2005,
  title={D{\'e}crire la g{\'e}n{\'e}alogie de donn{\'e}es g{\'e}ographiques.},
  author={Bucher, B{\'e}n{\'e}dicte},
  booktitle={INFORSID},
  pages={303--318},
  year={2005}
}


   
@book{Ligozat2013,
  title={Qualitative spatial and temporal reasoning},
  author={Ligozat, Gérard},
  year={2013},
  publisher={John Wiley \& Sons}
}

@book{Stock1998,
  title={Spatial and temporal reasoning},
  author={Stock, Oliviero},
  year={1998},
  publisher={Springer}
}

@article{Southall2011,
  title={On historical gazetteers},
  author={Southall, Humphrey and Mostern, Ruth and Berman, Merrick Lex},
  journal={International Journal of Humanities and Arts Computing},
  volume={5},
  number={2},
  pages={127--145},
  year={2011},
  publisher={Edinburgh University Press 22 George Square, Edinburgh EH8 9LF UK}
}

%-------------------------- NORMES ET STANDARDS --------------------------
@techreport{OGCMeasure,
   AUTHOR = "Open Geospatial Consortium",
   TITLE = "{Topic 20: Observations and Measurements}",
   YEAR = {2003},
   VERSION={2},
   INSTITUTION = "Open Geospatial Consortium",
   URL={http://www.opengeospatial.org/standards/om}
}

@techreport{OGCReferenceModel,
   AUTHOR = "Open Geospatial Consortium",
   TITLE = "{OGC Reference Model}",
   YEAR = {2003},
   INSTITUTION = "Open Geospatial Consortium"
}

@techreport{ISO19107,
   AUTHOR = "ISO",
   TITLE = "{ISO 1907 - Information géographique - Schéma spatial}",
   YEAR = {2003},
   INSTITUTION = "{International Organization for Standardization}",
   URL={http://www.iso.org/iso/fr/iso_catalogue/catalogue_tc/catalogue_detail.htm?csnumber=26012}
}

@techreport{ISO19108,
   AUTHOR = "ISO",
   TITLE = "{ISO 19108 - Information géographique - Schéma temporel}",
   YEAR = {2002},
   INSTITUTION = "{International Organization for Standardization}",
   URL={http://www.iso.org/iso/fr/iso_catalogue/catalogue_tc/catalogue_detail.htm?csnumber=26013}
}

@techreport{SLD,
   AUTHOR = "Open Geospatial Consortium",
   TITLE = "Styled Layer Descriptor profile of the Web Map Service
Implementation Specification",
   YEAR = {2002},
   INSTITUTION = "Open Geospatial Consortium Inc. ",
   URL=http://www.opengeospatial.org/standards/sld}
}


@techreport{ISO19109,
   AUTHOR = "ISO",
   TITLE = "{ISO 19109 - Information géographique - Règles de schéma d'application}",
   YEAR = {2005},
   INSTITUTION = "{International Organization for Standardization}",
   URL={http://www.iso.org/iso/fr/home/store/catalogue_tc/catalogue_detail.htm?csnumber=39891}
}

@techreport{ISO19115,
   AUTHOR = "ISO",
   TITLE = "{ISO 19115 - Information géographique - Métadonnées}",
   YEAR = {2014},
   INSTITUTION = "{International Organization for Standardization}",
   URL={http://www.iso.org/iso/fr/home/store/catalogue_tc/catalogue_detail.htm?csnumber=53798}
}


@phdthesis{masson2005,
  title={Apports de la th{\'e}orie des possibilit{\'e}s et des fonctions de croyance {\`a} l'analyse de donn{\'e}es impr{\'e}cises},
  author={Masson, Marie-H{\'e}l{\`e}ne},
  year={2005},
  school={Universit{\'e} de Technologie de Compi{\`e}gne}
}

@unpublished{VanDaele2014,
  title={Storing imperfect temporal information about cultural heritage in a relational database},
  author={Van Daele, Koen},
  note={\url{https://samm.univ-paris1.fr/IMG/pdf/paris2014.pdf}},
  year={2014}
}


@article{Schockaert2008,
  title={Fuzzifying Allen's temporal interval relations},
  author={Schockaert, Steven and De Cock, Martine and Kerre, Etienne E},
  journal={Fuzzy Systems, IEEE Transactions on},
  volume={16},
  number={2},
  pages={517--533},
  year={2008},
  publisher={IEEE}
}


@article{Kauppinen2010,
  title={Determining relevance of imprecise temporal intervals for cultural heritage information retrieval},
  author={Kauppinen, Tomi and Mantegari, Glauco and Paakkarinen, Panu and Kuittinen, Heini and Hyv{\"o}nen, Eero and Bandini, Stefania},
  journal={International journal of human-computer studies},
  volume={68},
  number={9},
  pages={549--560},
  year={2010},
  publisher={Elsevier}
}


@article{Jain1977,
  title={A procedure for multiple-aspect decision making using fuzzy sets},
  author={Jain, Ramesh},
  journal={International Journal of Systems Science},
  volume={8},
  number={1},
  pages={1--7},
  year={1977},
  publisher={Taylor \& Francis}
}

@article{Sevastianov2007,
  title={Numerical methods for interval and fuzzy number comparison based on the probabilistic approach and Dempster--Shafer theory},
  author={Sevastianov, Pavel},
  journal={Information Sciences},
  volume={177},
  number={21},
  pages={4645--4661},
  year={2007},
  publisher={Elsevier}
}

@article{Lee1988,
  title={Comparison of fuzzy numbers based on the probability measure of fuzzy events},
  author={Lee, ES and Li, R-J},
  journal={Computers \& Mathematics with Applications},
  volume={15},
  number={10},
  pages={887--896},
  year={1988},
  publisher={Elsevier}
}

@article{Yager1981,
  title={A procedure for ordering fuzzy subsets of the unit interval},
  author={Yager, Ronald R},
  journal={Information sciences},
  volume={24},
  number={2},
  pages={143--161},
  year={1981},
  publisher={Elsevier}
}

@incollection{Nakamura1979,
  title={Preference relation between fuzzy outcomes},
  author={Nakamura, K},
  booktitle={The Working Group on Fuzzy Sets and Systems},
  year={1979}
}

@article{Abbasbandy2013,
  title={Revision of sign distance method for ranking of fuzzy numbers},
  author={Abbasbandy, S and Nuraei, R and Ghanbari, M},
  journal={Iranian Journal of Fuzzy Systems},
  volume={10},
  number={4},
  pages={101--117},
  year={2013}
}

@article{Abbasbandy2006,
  title={Ranking of fuzzy numbers by sign distance},
  author={Abbasbandy, Saeid and Asady, B},
  journal={Information Sciences},
  volume={176},
  number={16},
  pages={2405--2416},
  year={2006},
  publisher={Elsevier}
}

@article{Abbasbandy2009,
  title={A new approach for ranking of trapezoidal fuzzy numbers},
  author={Abbasbandy, S and Hajjari, T},
  journal={Computers \& Mathematics with Applications},
  volume={57},
  number={3},
  pages={413--419},
  year={2009},
  publisher={Elsevier}
}

@article{Wang2006,
  title={On the centroids of fuzzy numbers},
  author={Wang, Ying-Ming and Yang, Jian-Bo and Xu, Dong-Ling and Chin, Kwai-Sang},
  journal={Fuzzy sets and systems},
  volume={157},
  number={7},
  pages={919--926},
  year={2006},
  publisher={Elsevier}
}

@article{KimPark1990,
  title={Ranking fuzzy numbers with index of optimism},
  author={Kim, Kuk and Park, Kyung S},
  journal={Fuzzy sets and Systems},
  volume={35},
  number={2},
  pages={143--150},
  year={1990},
  publisher={Elsevier}
}



@article{Asady2007,
  title={Ranking fuzzy numbers by distance minimization},
  author={Asady, B and Zendehnam, A},
  journal={Applied Mathematical Modelling},
  volume={31},
  number={11},
  pages={2589--2598},
  year={2007},
  publisher={Elsevier}
}

@article{Asady2010,
  title={The revised method of ranking LR fuzzy number based on deviation degree},
  author={Asady, B},
  journal={Expert Systems with Applications},
  volume={37},
  number={7},
  pages={5056--5060},
  year={2010},
  publisher={Elsevier}
}


@article{Asady2011,
  title={Revision of distance minimization method for ranking of fuzzy numbers},
  author={Asady, B},
  journal={Applied Mathematical Modelling},
  volume={35},
  number={3},
  pages={1306--1313},
  year={2011},
  publisher={Elsevier}
}

@article{Saeidifar2011,
  title={Application of weighting functions to the ranking of fuzzy numbers},
  author={Saeidifar, A},
  journal={Computers \& Mathematics with Applications},
  volume={62},
  number={5},
  pages={2246--2258},
  year={2011},
  publisher={Elsevier}
}

@article{Kerre1982,
  title={The use of fuzzy set theory in electrocardiological diagnostics},
  author={Kerre, Etienne E},
  journal={Approximate reasoning in decision analysis},
  pages={277--282},
  year={1982},
  publisher={North-Holland Amsterdam}
}

@article{Dubois1983,
  title={Ranking fuzzy numbers in the setting of possibility theory},
  author={Dubois, Didier and Prade, Henri},
  journal={Information sciences},
  volume={30},
  number={3},
  pages={183--224},
  year={1983},
  publisher={Elsevier}
}

@article{DeRunz2010,
  title={Anteriority index for managing fuzzy dates in arch{\ae}ological GIS},
  author={{De Runz}, Cyril and Desjardin, Eric and Piantoni, Frédéric and Herbin, Michel},
  journal={Soft Computing},
  volume={14},
  number={4},
  pages={339--344},
  year={2010},
  publisher={Springer}
}

@article{Barajas2008,
  title={A ranking procedure for fuzzy decision-making in product design},
  author={Barajas, Marco and Agard, Bruno and others},
  journal={IDMME-Virtual Concept},
  year={2008},
  publisher={Citeseer}
}

@article{Pontius2006,
  title={Can error explain map differences over time?},
  author={Pontius Jr, Robert Gilmore and Lippitt, Christopher D},
  journal={Cartography and Geographic Information Science},
  volume={33},
  number={2},
  pages={159--171},
  year={2006},
  publisher={Taylor \& Francis}
}

@article{Guerra2000,
  title={2W: new technologies for the georeferenced visualisation of historic cartography},
  author={Guerra, Francesco},
  journal={International Archives of Photogrammetry and Remote Sensing},
  volume={33},
  number={B5/1; PART 5},
  pages={339--346},
  year={2000},
  publisher={INTERNATIONAL SOCIETY FOR PHOTOGRAMMETRY \& REMOTE}
}

@incollection{Bitelli2011,
  title={Digital processing and 3D modelling of an 18th century scenographic map of Bologna},
  author={Bitelli, Gabriele and Gatta, Giorgia},
  booktitle={Advances in Cartography and GIScience. Volume 2},
  pages={129--146},
  year={2011},
  publisher={Springer}
}

@article{Brigante2014,
  title={Georeferencing of historical maps~: GIS technology for urban analysis},
  author={Brigante, Raffaella and Radicioni, Fabio},
  journal={Geographia Technica},
  volume={9},
  number={1},
  year={2014}
}

@incollection{Hamblin1972,
  title={Instants and intervals},
  author={Hamblin, Charles L},
  booktitle={The Study of Time},
  pages={324--331},
  year={1972},
  publisher={Springer}
}

@article{Mcdermott1982,
  title={A temporal logic for reasoning about processes and plans*},
  author={McDermott, Drew},
  journal={Cognitive science},
  volume={6},
  number={2},
  pages={101--155},
  year={1982},
  publisher={Wiley Online Library}
}

@article{VanBenthem1991,
  title={The logic of time: a model-theoretic investigation into the varieties of temporal ontology and temporal discourse},
  author={Van Benthem, Johan FAK},
  year={1991}
}

@book{Ligozat2013,
  title={Qualitative spatial and temporal reasoning},
  author={Ligozat, G{\'e}rard},
  year={2013},
  publisher={John Wiley \& Sons}
}

@article{Zadeh1965,
  title={Fuzzy sets},
  author={Zadeh, Lotfi A},
  journal={Information and control},
  volume={8},
  number={3},
  pages={338--353},
  year={1965},
  publisher={Elsevier}
}

@article{WangKerre2001,
  title={Reasonable properties for the ordering of fuzzy quantities (I)},
  author={Wang, Xuzhu and Kerre, Etienne E},
  journal={Fuzzy Sets and Systems},
  volume={118},
  number={3},
  pages={375--385},
  year={2001},
  publisher={Elsevier}
}

@article{Freeling1980,
  title={Fuzzy sets and decision analysis},
  author={Freeling, Anthony NS},
  journal={Systems, Man and Cybernetics, IEEE Transactions on},
  volume={10},
  number={7},
  pages={341--354},
  year={1980},
  publisher={IEEE}
}

@incollection{Wang1995,
  title={On transitivity of fuzzy preference relations in ranking fuzzy numbers},
  author={Wang, Xuzhu and Ruan, Da},
  booktitle={Fuzzy Set Theory and Advanced Mathematical Applications},
  pages={155--173},
  year={1995},
  publisher={Springer}
}

@article{Bortolan1985,
  title={A review of some methods for ranking fuzzy subsets},
  author={Bortolan, Giovanni and Degani, Rossana},
  journal={Fuzzy sets and Systems},
  volume={15},
  number={1},
  pages={1--19},
  year={1985},
  publisher={Elsevier}
}

@article{Tang2010,
  title={Experimental comparison of ranking functions in fuzzy decision making},
  author={Tang, Hui-Chin and Hsieh, Kuang-Hang and Chang, Hwapeng},
  journal={Journal of Information and Optimization Sciences},
  volume={31},
  number={5},
  pages={1127--1136},
  year={2010},
  publisher={Taylor \& Francis}
}


@article{Chen2001,
  title={An approximate approach for ranking fuzzy numbers based on left and right dominance},
  author={Chen, Liang-Hsuan and Lu, Hai-Wen},
  journal={Computers \& Mathematics with Applications},
  volume={41},
  number={12},
  pages={1589--1602},
  year={2001},
  publisher={Elsevier}
}

@article{Baas1977,
  title={Rating and ranking of multiple-aspect alternatives using fuzzy sets},
  author={Baas, Sjoerd M and Kwakernaak, Huibert},
  journal={Automatica},
  volume={13},
  number={1},
  pages={47--58},
  year={1977},
  publisher={Elsevier}
}

@article{Baldwin1979,
  title={Comparison of fuzzy sets on the same decision space},
  author={Baldwin, JF and Guild, NCF},
  journal={Fuzzy sets and Systems},
  volume={2},
  number={3},
  pages={213--231},
  year={1979},
  publisher={Elsevier}
}

@article{Baldwin1979-2,
  title={Comments on the fuzzy max operator of {Dubois} and {Prade}},
  author={Baldwin, JF and Guild, NCF},
  journal={International Journal of Systems Science},
  volume={10},
  number={9},
  pages={1063--1064},
  year={1979},
  publisher={Taylor \& Francis}
}

@article{Adamo1980,
  title={Fuzzy decision trees},
  author={Adamo, JM},
  journal={Fuzzy sets and systems},
  volume={4},
  number={3},
  pages={207--219},
  year={1980},
  publisher={Elsevier}
}

@inproceedings{Chang1981,
  title={Ranking of fuzzy utilities with triangular membership functions},
  author={Chang, W},
  booktitle={Proc. Int. Conf. on Policy Anal. and Inf. Systems},
  volume={263},
  pages={272},
  year={1981}
}


@book{Donnelly2012,
  title={Formal Ontology in Information Systems: Proceedings of the Seventh International Conference (FOIS 2012)},
  author={Donnelly, Maureen and Guizzardi, Giancarlo},
  volume={239},
  year={2012},
  publisher={IOS Press}
}

@article{Dubois2003,
  title={Fuzziness and uncertainty in temporal reasoning},
  author={Dubois, Didier and HadjAli, Allel and Prade, Henri},
  journal={J. UCS},
  volume={9},
  number={9},
  pages={1168},
  year={2003}
}

@article{Choobineh1993,
  title={An index for ordering fuzzy numbers},
  author={Choobineh, Fred and Li, Huishen},
  journal={Fuzzy sets and Systems},
  volume={54},
  number={3},
  pages={287--294},
  year={1993},
  publisher={Elsevier}
}

@article{Liou1992,
  title={Ranking fuzzy numbers with integral value},
  author={Liou, Tian-Shy and Wang, Mao-Jiun J},
  journal={Fuzzy sets and systems},
  volume={50},
  number={3},
  pages={247--255},
  year={1992},
  publisher={Elsevier}
}

@article{Fortemps1996,
  title={Ranking and defuzzification methods based on area compensation},
  author={Fortemps, Philippe and Roubens, Marc},
  journal={Fuzzy sets and systems},
  volume={82},
  number={3},
  pages={319--330},
  year={1996},
  publisher={Elsevier}
}

@article{Tseng1989,
  title={New algorithm for the ranking procedure in fuzzy decision-making},
  author={Tseng, Tsueng Yao and Klein, Cerry M},
  journal={Systems, Man and Cybernetics, IEEE Transactions on},
  volume={19},
  number={5},
  pages={1289--1296},
  year={1989},
  publisher={IEEE}
}

@article{ChenLu2001,
  title={An approximate approach for ranking fuzzy numbers based on left and right dominance},
  author={Chen, Liang-Hsuan and Lu, Hai-Wen},
  journal={Computers \& Mathematics with Applications},
  volume={41},
  number={12},
  pages={1589--1602},
  year={2001},
  publisher={Elsevier}
}

@article{Cheng1998,
  title={A new approach for ranking fuzzy numbers by distance method},
  author={Cheng, Ching-Hsue},
  journal={Fuzzy sets and systems},
  volume={95},
  number={3},
  pages={307--317},
  year={1998},
  publisher={Elsevier}
}

@article{Kolodziejczyk1986,
  title={Orlovsky's concept of decision-making with fuzzy preference relation-further results},
  author={Ko{\l}odziejczyk, Waldemar},
  journal={Fuzzy Sets and Systems},
  volume={19},
  number={1},
  pages={11--20},
  year={1986},
  publisher={Elsevier}
}

@article{Chu2002,
  title={Ranking fuzzy numbers with an area between the centroid point and original point},
  author={Chu, Ta-Chung and Tsao, Chung-Tsen},
  journal={Computers \& Mathematics with Applications},
  volume={43},
  number={1},
  pages={111--117},
  year={2002},
  publisher={Elsevier}
}

@article{Chen1985,
  title={Ranking fuzzy numbers with maximizing set and minimizing set},
  author={Chen, Shan-Huo},
  journal={Fuzzy sets and Systems},
  volume={17},
  number={2},
  pages={113--129},
  year={1985},
  publisher={Elsevier}
}

@article{Wang2009,
  title={Area ranking of fuzzy numbers based on positive and negative ideal points},
  author={Wang, Ying-Ming and Luo, Ying},
  journal={Computers \& Mathematics with Applications},
  volume={58},
  number={9},
  pages={1769--1779},
  year={2009},
  publisher={Elsevier}
}


@article{Randell1992,
  title={A spatial logic based on regions and connection.},
  author={Randell, David A and Cui, Zhan and Cohn, Anthony G},
  journal={KR},
  volume={92},
  pages={165--176},
  year={1992}
}

@incollection{Claramunt1995,
  title={Managing time in {GIS}~: an event-oriented approach},
  author={Claramunt, Christophe and Thériault, Marius},
  booktitle={Recent Advances in Temporal Databases},
  pages={23--42},
  year={1995},
  publisher={Springer}
}


@article{Cheylan2007,
  title={Les processus spatio-temporels: quelques notions et concepts pr{\'e}alables {\`a} leur repr{\'e}sentation},
  author={Cheylan, Jean-Paul},
  journal={Mappemonde},
  volume={87},
  number={3},
  pages={1--21},
  year={2007}
}

%----------------Biblio appariement de données géographiques------------------------
@phdthesis{Olteanu2008,
  title={Fusion de connaissances imparfaites pour l'appariement de donn{\'e}es g{\'e}ographiques: proposition d'une approche s' appuyant sur la th{\'e}orie des fonctions de croyance},
  author={Olteanu, Ana-Maria},
  year={2008},
  school={Universit{\'e} Paris-Est}
}

@article{LiGoodchild2011,
  title={An optimisation model for linear feature matching in geographical data conflation},
  author={Li, Linna and Goodchild, Michael F},
  journal={International Journal of Image and Data Fusion},
  volume={2},
  number={4},
  pages={309--328},
  year={2011},
  publisher={Taylor \& Francis}
}

@article{Samal2004,
  title={A feature-based approach to conflation of geospatial sources},
  author={Samal, Ashok and Seth, Sharad and Cueto 1, Kevin},
  journal={International Journal of Geographical Information Science},
  volume={18},
  number={5},
  pages={459--489},
  year={2004},
  publisher={Taylor \& Francis}
}


@article{MustiereDevogele2008,
  title={Matching networks with different levels of detail},
  author={Musti{\`e}re, S{\'e}bastien and Devogele, Thomas},
  journal={GeoInformatica},
  volume={12},
  number={4},
  pages={435--453},
  year={2008},
  publisher={Springer}
}


@article{WalterFritsch1999,
  title={Matching spatial data sets: a statistical approach},
  author={Walter, Volker and Fritsch, Dieter},
  journal={International Journal of Geographical Information Science},
  volume={13},
  number={5},
  pages={445--473},
  year={1999},
  publisher={Taylor \& Francis}
}

@phdthesis{Badard2000,
  title={Propagation des mises {\`a} jour dans les bases de donn{\'e}es g{\'e}ographiques multi-repr{\'e}sentations par analyse des changements g{\'e}ographiques},
  author={Badard, Thierry},
  journal={M{\'e}moire de th{\`e}se de doctorat en Sciences de l?Information G{\'e}ographique de l?Universit{\'e} de Marne-la-Vall{\'e}e, Marne-la-Vall{\'e}e, France},
  year={2000},
  publisher={Citeseer}
}

@phdthesis{Devogele1997,
  title={Processus d?int{\'e}gration et d?appariement de Bases de Donn{\'e}es G{\'e}ographiques Application {\`a} une base de donn{\'e}es routi{\`e}res multi-{\'e}chelles},
  author={Devogele, Thomas},
  year={1997},
  school={Universit{\'e} de Versailles}
}

@inproceedings{Haunert2005,
  title={Link based conflation of geographic datasets},
  author={Haunert, Jan-Henrik},
  booktitle={8th ICA workshop on generalisation and multiple representation, A Coru{\~n}a, Spain},
  year={2005}
}

@inproceedings{Voltz2006,
  title={An iterative approach for matching multiple representations of street data},
  author={Volz, S},
  booktitle={ISPRS Workshop, Multiple representation and interoperability of spatial data, Hanover, Germany},
  pages={22--24},
  year={2006}
}

@article{Fritsch1999,
  title={Matching spatial data sets: a statistical approach},
  author={Walter, Volker and Fritsch, Dieter},
  journal={International Journal of Geographical Information Science},
  volume={13},
  number={5},
  pages={445--473},
  year={1999},
  publisher={Taylor \& Francis}
}

@inproceedings{Beeri2004,
  title={Object fusion in geographic information systems},
  author={Beeri, Catriel and Kanza, Yaron and Safra, Eliyahu and Sagiv, Yehoshua},
  booktitle={Proceedings of the Thirtieth international conference on Very large data bases-Volume 30},
  pages={816--827},
  year={2004},
  organization={VLDB Endowment}
}

@article{Gombosi2003,
  title={Comparing two sets of polygons},
  author={Gombosi, Matej and Zalik, Borut and Krivograd, Sebastian},
  journal={International Journal of Geographical Information Science},
  volume={17},
  number={5},
  pages={431--443},
  year={2003},
  publisher={Taylor \& Francis}
}

%----- Agrégation multicritère
@article{Grabisch1999,
  title={Agr{\'e}gation multicrit{\`e}re},
  author={Grabisch, Michel and Perny, Patrice},
  journal={Utilisations de la logique floue. Hermes},
  year={1999}
}

%----- Stats
@book{Greenwood1996,
  title={A guide to chi-squared testing},
  author={Greenwood, Priscilla E and Nikulin, Michael S},
  volume={280},
  year={1996},
  publisher={John Wiley \& Sons}
}
@article{Grubbs1950,
  title={Sample criteria for testing outlying observations},
  author={Grubbs, Frank E},
  journal={The Annals of Mathematical Statistics},
  pages={27--58},
  year={1950},
  publisher={JSTOR}
}

@article{Moran1950,
  title={Notes on continuous stochastic phenomena},
  author={Moran, Patrick AP},
  journal={Biometrika},
  pages={17--23},
  year={1950},
  publisher={JSTOR}
}


@article{Wiederhold1992,
  title={Mediators in the architecture of future information systems},
  author={Wiederhold, Gio},
  journal={Computer},
  volume={25},
  number={3},
  pages={38--49},
  year={1992},
  publisher={IEEE}
}

@Book{Sanders2014,
 author = {Mathian, He?le?ne},
 title = {Objets ge?ographiques et processus de changement approches spatio-temporelles},
 publisher = {ISTE Editions},
 year = {2014},
 address = {London},
 isbn = {978-1-78405-031-3}
 }
 
 @article{Egenhofer2000,
  title={Identity-based change: a foundation for spatio-temporal knowledge representation},
  author={Hornsby, Kathleen and Egenhofer, Max J},
  journal={International Journal of Geographical Information Science},
  volume={14},
  number={3},
  pages={207--224},
  year={2000},
  publisher={Taylor \& Francis}
}

@article{Stell2003,
  title={Granularity in change over time},
  author={Stell, John G},
  journal={Foundations of geographic information science},
  pages={95--115},
  year={2003},
  publisher={Taylor and Francis}
}

@article{Galton2004,
  title={Fields and objects in space, time, and space-time},
  author={Galton, Antony},
  journal={Spatial cognition and computation},
  volume={4},
  number={1},
  pages={39--68},
  year={2004},
  publisher={Taylor \& Francis}
}

@incollection{Stell2011,
  title={Spatio-temporal evolution as bigraph dynamics},
  author={Stell, John and Del Mondo, G{\'e}raldine and Thibaud, Remy and Claramunt, Christophe},
  booktitle={Spatial Information Theory},
  pages={148--167},
  year={2011},
  publisher={Springer}
}

@article{Milner2008,
  title={Bigraphs and their algebra},
  author={Milner, Robin},
  journal={Electronic Notes in Theoretical Computer Science},
  volume={209},
  pages={5--19},
  year={2008},
  publisher={Elsevier}
}

@article{Claramunt1996,
  title={Toward semantics for modelling spatio-temporal processes within GIS},
  author={Claramunt, Christophe and Theriault, Marius},
  journal={Advances in GIs Research I},
  pages={27--43},
  year={1996},
  publisher={Taylor and Francis}
}

@inproceedings{Abadie2009,
  title={Schema matching based on attribute values and background ontology},
  author={Nathalie Abadie},
  booktitle={12th AGILE International Conference on Geographic Information Science},
  volume={1},
  pages={1--9},
  year={2009}
}

@article{Grenon2004,
  title={SNAP and SPAN: Towards dynamic spatial ontology},
  author={Grenon, Pierre and Smith, Barry},
  journal={Spatial cognition and computation},
  volume={4},
  number={1},
  pages={69--104},
  year={2004},
  publisher={Taylor \& Francis}
}

@phdthesis{Duris2009,
  title={Acyclicit{\'e} des hypergraphes et liens avec la logique sur les structures relationnelles finies},
  author={Duris, David and Dawar, Anuj and Segoufin, Luc and Bazgan, Cristina and Delon, Fran{\c{c}}oise and Grandjean, Etienne},
  year={2009},
  school={PhD thesis, Universit{\'e} Paris Diderot-Paris 7}
}

@book{Euzenat2007,
  title={Ontology matching},
  author={Euzenat, J{\'e}r{\^o}me and Shvaiko, Pavel and others},
  volume={333},
  year={2007},
  publisher={Springer}
}

@article{Dempster1968,
  title={A generalization of Bayesian inference},
  author={Dempster, Arthur P},
  journal={Journal of the Royal Statistical Society. Series B (Methodological)},
  pages={205--247},
  year={1968},
  publisher={JSTOR}
}

@book{Shafer1976,
  title={A mathematical theory of evidence},
  author={Shafer, Glenn},
  volume={1},
  year={1976},
  publisher={Princeton university press Princeton}
}

@article{Kirkpatrick1983,
  title={Optimization by simulated annealing},
  author={Kirkpatrick, Scott and Gelatt, C Daniel and Vecchi, Mario P and others},
  journal={science},
  volume={220},
  number={4598},
  pages={671--680},
  year={1983},
  publisher={World Scientific}
}

@misc{Martin2005,
  title={La fusion d'informations},
  author={Martin, Arnaud},
  note={Polycopié de cours ENSIETA},
  volume={1484},
  pages={117},
  year={2005}
}

@inproceedings{Smets1989,
  title={Constructing the Pignistic Probability Function in a Context of Uncertainty.},
  author={Smets, Philippe},
  booktitle={UAI},
  volume={89},
  pages={29--40},
  year={1989}
}

@article{Smets1990,
  title={The combination of evidence in the transferable belief model},
  author={Smets, Philippe},
  journal={Pattern Analysis and Machine Intelligence, IEEE Transactions on},
  volume={12},
  number={5},
  pages={447--458},
  year={1990},
  publisher={IEEE}
}

@article{Shafer1986,
  title={The combination of evidence},
  author={Shafer, Glenn},
  journal={International Journal of Intelligent Systems},
  volume={1},
  number={3},
  pages={155--179},
  year={1986},
  publisher={Wiley Online Library}
}

@article{Yager1987,
  title={On the Dempster-Shafer framework and new combination rules},
  author={Yager, Ronald R},
  journal={Information sciences},
  volume={41},
  number={2},
  pages={93--137},
  year={1987},
  publisher={Elsevier}
}

@article{Lefevre2002,
  title={Belief function combination and conflict management},
  author={Lefevre, Eric and Colot, Olivier and Vannoorenberghe, Patrick},
  journal={Information fusion},
  volume={3},
  number={2},
  pages={149--162},
  year={2002},
  publisher={Elsevier}
}

@article{Appriou1991,
  title={Probabilit{\'e}s et incertitude en fusion de donn{\'e}es multi-senseurs},
  author={Appriou, Alain},
  journal={Tir{\'e} {\`a} part- Office national d'{\'e}tudes et de recherches aerospatiales},
  year={1991},
  publisher={Office national d'{\'e}tudes et de recherches a{\'e}rospatiales}
}

@book{Dreo2003,
  title={Métaheuristiques pour l'optimisation difficile},
  author={Dréo, Johann and Pétrowski, Alain and Taillard, Éric and Siarry, Patrick},
  year={2003},
  publisher={Eyrolles (Editions)}
}

@techreport{Manikas1996,
  title={Genetic algorithms vs. simulated annealing: A comparison of approaches for solving the circuit partitioning problem},
  author={Manikas, Theodore W and Cain, James T},
  institution={University of Pittsburgh},
  year={1996}
}

@incollection{Rossi2003,
  title={A comparison of the performance of different metaheuristics on the timetabling problem},
  author={Rossi-Doria, Olivia and Sampels, Michael and Birattari, Mauro and Chiarandini, Marco and Dorigo, Marco and Gambardella, Luca M and Knowles, Joshua and Manfrin, Max and Mastrolilli, Monaldo and Paechter, Ben and others},
  booktitle={Practice and Theory of Automated Timetabling IV},
  pages={329--351},
  year={2003},
  publisher={Springer}
}

@article{Fouskakis2002,
  title={Stochastic optimization: a review},
  author={Fouskakis, Dimitris and Draper, David},
  journal={International Statistical Review},
  volume={70},
  number={3},
  pages={315--349},
  year={2002},
  publisher={Wiley Online Library}
}

@techreport{Kohonen1999,
  title={A brief comparison of simulated annealing and genetic algorithm approaches},
  author={Kohonen, Jukka},
  institution={Department of Computer Science University of Helsinki},
  year={1999}
}

@article{Talbi2002,
  title={A taxonomy of hybrid metaheuristics},
  author={Talbi, E-G},
  journal={Journal of heuristics},
  volume={8},
  number={5},
  pages={541--564},
  year={2002},
  publisher={Kluwer Academic Publishers}
}

@article{Nourani1998,
  title={A comparison of simulated annealing cooling strategies},
  author={Nourani, Yaghout and Andresen, Bjarne},
  journal={Journal of Physics A: Mathematical and General},
  volume={31},
  number={41},
  pages={8373},
  year={1998},
  publisher={IOP Publishing}
}

@incollection{Henderson2003,
  title={The theory and practice of simulated annealing},
  author={Henderson, Darrall and Jacobson, Sheldon H and Johnson, Alan W},
  booktitle={Handbook of metaheuristics},
  pages={287--319},
  year={2003},
  publisher={Springer}
}

@incollection{Alizamir2008,
  title={Improving the neighborhood selection strategy in simulated annealing using the optimal stopping problem},
  author={Alizamir, Saed and Pardalos, Panos M and Rebennack, Steffen},
  booktitle={Simulated Annealing},
  year={2008},
  chapter={18},
  pages={363--379},
  crossref={SimulatedAnnealing2008}
}

@book{SimulatedAnnealing2008,
  title={Simulated Annealing},
  editor={Cher Ming Tan},
  year={2008},
  publisher={INTECH Open Access Publisher},
  howpublished = {\url{http://www.intechopen.com/books/simulated_annealing}}
}

@article{Lundy1986,
  title={Convergence of an annealing algorithm},
  author={Lundy, Miranda and Mees, Alistair},
  journal={Mathematical programming},
  volume={34},
  number={1},
  pages={111--124},
  year={1986},
  publisher={Springer}
}

@book{Rayward1996,
  title={Modern heuristic search methods},
  author={Rayward-Smith, Victor J and Osman, Ibrahim H and Reeves, Colin R and Smith, George D},
  year={1996},
  publisher={Wiley New York}
}

@incollection{Dowsland2012,
  title={Simulated annealing},
  author={Dowsland, Kathryn A and Thompson, Jonathan M},
  booktitle={Handbook of Natural Computing},
  pages={1623--1655},
  year={2012},
  publisher={Springer}
}

@article{BenAmeur2004,
  title={Computing the initial temperature of simulated annealing},
  author={Ben-Ameur, Walid},
  journal={Computational Optimization and Applications},
  volume={29},
  number={3},
  pages={369--385},
  year={2004},
  publisher={Springer}
}

@article{Jiang2008,
  title={Self-organized natural roads for predicting traffic flow: a sensitivity study},
  author={Jiang, Bin and Zhao, Sijian and Yin, Junjun},
  journal={Journal of statistical mechanics: Theory and experiment},
  volume={2008},
  number={07},
  pages={P07008},
  year={2008},
  publisher={IOP Publishing}
}

@article{Alt1995,
  title={Computing the Fréchet distance between two polygonal curves},
  author={Alt, Helmut and Godau, Michael},
  journal={International Journal of Computational Geometry \& Applications},
  volume={5},
  number={01n02},
  pages={75--91},
  year={1995},
  publisher={World Scientific}
}

@article{Devogele2000,
  title={Mesure d'exactitude et processus de fusion à l'aide de la distance de Fréchet discrète},
  author={Devogele, T},
  journal={Revue internationale de G{\'e}omatique},
  volume={10},
  number={3-4},
  pages={359--381},
  year={2000}
}

@book{Mascret2006,
  title={Coastline matching process based on the discrete Fréchet distance},
  author={Mascret, Ariane and Devogele, Thomas and Le Berre, Iwan and Hénaff, Alain},
  year={2006},
  publisher={Springer}
}

@inproceedings{Costes2015,
  title={An aggregated graph to qualify historical spatial networks using temporal patterns detection},
  author={Costes, Benoit and Perret, Julien and Bucher, Bénédicte and Gribaudi, Maurizio},
  booktitle = {18th AGILE International Conference on Geographic Information Science},
  year={2015}
}

@incollection{George2006,
  title={Time-aggregated graphs for modeling spatio-temporal networks},
  author={George, Betsy and Shekhar, Shashi},
  booktitle={Advances in conceptual modeling-theory and practice},
  pages={85--99},
  year={2006},
  publisher={Springer}
}

@article{Kraak1999,
  title={Visualising spatial distributions},
  author={Kraak, MJ},
  journal={Geographical Information Systems: Principles, Techniques, Applications and Management. New York, John Wiley and Sons},
  pages={157--73},
  year={1999}
}

@book{Jousselin1850,
  title={Traité des servitudes d'utilité publique ou des modifications apportées par les lois et par les règlements à la propiété immobilière en faveur de l'utilité publique},
  author={Jousselin, J.},
  number={vol.~2},
  url={https://books.google.fr/books?id=dBtkLdrQVE8C},
  year={1850},
  publisher={Videcoq,editeur}
}

@Article{Perret2015,
author={Julien Perret and Maurizio Gribaudi and Marc Barthelemy},
title={Roads and cities of 18th century France},
journal={Scientific Data},
year={2015},
month={Sep},
day={15},
publisher={Macmillan Publishers Limited SN},
volume={2},
note={Data Descriptor},
url={http://dx.doi.org/10.1038/sdata.2015.48}
}

@techreport{evidenz,
	title = {Theory of Evidence},
	url = {https://www.lrde.epita.fr/~theo/eVidenZ/eVidenZ_report.pdf},
	urldate = {2015-09-24},
	institution = {LRDE, EPITA},
	author = {Nicolas Burrus and David Lesage},
	howpublished = {https://www.lrde.epita.fr/~theo/},  
	year = {2007},
}

@inproceedings{Grosso2009,
  author       = {Éric Grosso},
  title        = {Proposition pour une gestion unifiée des données anciennes},
  booktitle    = {Colloque International de Géomatique et d'Analyse Spatiale, Spatial Analysis and GEOmatics (SAGÉO 2009)},
  month        = {nov},
  year         = {2009},
  address      = {Paris, France},
  keywords     = {Données anciennes, métadonnées, mutualisation, géoréférencement},
}

@article{Ingber1989,
  title={Very fast simulated re-annealing},
  author={Ingber, Lester},
  journal={Mathematical and computer modelling},
  volume={12},
  number={8},
  pages={967--973},
  year={1989},
  publisher={Elsevier}
}
